2920 3717
1400 192 1453 234 21

276 393 277 396 Ἴ
455 323 670 396 Quoniam
701 327 791 384 fuse
827 334 1006 394 Iamne,
1046 339 1096 381 ut
1136 350 1201 381 res
1231 350 1393 394 poscere
1433 338 1662 392 videbatur,
1694 340 1869 394 exposui,
1908 353 1981 384 cur
2009 341 2060 385 iis
2090 339 2512 397 interpretationibus,
2544 353 2649 397 quas

208 413 406 470 perpendi
425 437 486 447 -·
504 414 583 456 hae
602 407 748 456 autem'
759 409 1003 467 primarium
1023 410 1210 453 obtinent
1229 410 1368 453 locum
1377 411 1404 463 ¹)
1426 436 1485 442 —
1507 423 1602 453 cum
1622 410 1706 453 alia
1724 411 1980 457 reclamitent
1999 415 2091 457 tum
2111 412 2291 457 maxime
2306 412 2447 468 ipsum
2467 425 2647 465 carmen,

209 485 346 545 nunc,
363 479 463 541 quid
494 481 692 540 equidem·
714 481 765 525 de
795 480 976 525 carmine
1007 480 1195 534 sentiam,
1227 480 1451 537 explicabo.
1513 482 1578 526 Ne
1609 494 1702 526 vero
1741 495 1954 538 suspensos
1984 486 2145 529 teneam
2175 498 2257 538 eos,
2290 483 2364 541 qui
2394 483 2502 528 hanc
2533 497 2647 528 com-

210 549 506 604 mentationem
547 547 748 597 hactenus
784 552 921 610 legere
959 564 1040 595 non
1077 551 1162 595 sint
1199 553 1374 610 gravati,
1417 553 1469 596 ab
1506 554 1679 597 Horatio
1711 554 1878 598 Romuli
1916 557 2152 612 apotheosin
2193 557 2259 601 vel
2298 556 2647 601 consecrationem

182 675 187 686 ,
210 628 299 670 hoc·
319 623 498 670 carmine
530 624 727 667 celebrari
757 623 971 667 contendo.
1033 624 1124 666 Hoc
1155 624 1190 666 si
1221 624 1313 679 quis
1343 624 1612 679 interpretum
1631 625 1791 681 legerit,
1824 639 1901 668 non
1932 627 2089 681 dubito,
2121 629 2220 684 quin
2251 631 2326 672 aut
2346 628 2513 672 Horatii
2543 628 2649 671 artis

210 696 444 747 reconditae
473 708 621 751 parum
649 695 962 751 intellegentem
1000 707 1067 737 me
1108 695 1164 738 sit
1199 695 1481 750 appellaturus
1522 697 1596 739 aut
1633 696 1848 739 carbonem
1883 711 1955 752 pro
1993 699 2182 742 thesauro
2221 699 2423 742 invenisse
2461 712 2551 742 sese
2589 699 2649 742 sit

212 766 512 812 clamitatums.
574 767 689 811 Haec
719 769 842 824 atque
873 767 1000 811 etiam
1031 766 1219 825 graviora
1250 767 1390 811 'levius
1429 768 1570 822 feram,
1610 781 1734 824 quam
1774 769 1809 812 si
1846 770 1935 825 quis
1973 784 2045 814 suo
2085 772 2172 815 iure
2211 771 2358 816 dixerit
2396 785 2496 825 esse,
2538 784 2647 829 quae

211 840 382 895 profero,
414 841 615 885 miracula
646 852 695 884 ac
726 840 884 884 somnia
913 839 1149 896 interpretis
1180 851 1260 884 non
1292 839 1486 892 docentis,
1524 841 1594 884 sed
1626 841 1818 897 optantis.

428 913 653 956 Videamus
685 925 792 965 vero,
825 925 1021 968 quorsum
1051 912 1152 954 haec
1183 924 1275 955 mea
1306 913 1508 955 sententia
1538 914 1709 969 spectet,
1742 915 1881 955 utrum
1912 916 2136 972 refragetur
2156 917 2290 959 verbis
2322 918 2447 972 atque
2479 917 2645 974 ingenio

138 1034 141 1038 ,
211 987 355 1040 poetae
384 999 521 1030 necne.
546 1011 605 1018 —-
630 986 803 1029 Initium
834 985 1025 1029 carminis
1056 985 1160 1028 duae
1190 985 1374 1028 efficiunt
1414 986 1616 1040 strophae,
1659 986 1700 1028 in
1732 987 1880 1040 quibus
1918 988 1966 1030 de
2004 989 2129 1031 animi
2169 990 2456 1045 magnitudine
2496 1003 2639 1033 eorum

211 1059 332 1112 poeta
361 1058 557 1114 loquitur,
590 1058 660 1113 qui
691 1071 783 1102 vere
823 1059 920 1102 sunt
960 1057 1061 1101 iusti
1099 1059 1223 1112 atque
1263 1058 1426 1101 tenaces
1464 1058 1674 1113 propositi.
1737 1058 1850 1103 Talis
1881 1061 2016 1103 autem
2045 1061 2108 1103 vir
2138 1062 2222 1104 suis
2253 1061 2384 1116 ipsius
2416 1062 2641 1106 commodis

211 1130 380 1173 minime
410 1130 645 1182 inserviens,
679 1130 878 1185 quidquid
898 1130 1051 1173 bonum
1083 1129 1381 1183 honestumque
1402 1130 1621 1184 putaverit,
1653 1129 1768 1172 nulla
1794 1143 1837 1172 re
1858 1130 2072 1175 deterritus
2093 1133 2236 1182 faciet;
2269 1132 2367 1175 talis
2399 1133 2461 1175 vir
2491 1136 2642 1189 negata

211 1202 349 1246 tentat
378 1202 457 1245 iter
487 1201 553 1245 via
584 1202 823 1257 caelumque
854 1200 932 1245 sibi
962 1200 1152 1245 recludit.
1215 1200 1355 1257 Atque
1393 1213 1439 1244 eo
1469 1200 1510 1244 in
1550 1213 1732 1252 numer0,
1772 1201 1843 1257 qui
1880 1215 2036 1247 summa
2079 1217 2262 1260 quaeque
2302 1206 2346 1248 et
2386 1204 2642 1260 expetierunt

212 1275 254 1317 et
286 1274 492 1323 consecuti
530 1274 641 1325 sunt,
682 1286 783 1328 quos
821 1273 875 1315 ad
913 1272 1008 1315 deos
1046 1272 1301 1316 immortales
1342 1273 1516 1328 populus
1545 1273 1755 1316 Romanus
1786 1273 2062 1318 benevolentia
2091 1276 2281 1331 famaque
2312 1276 2515 1329 extulit,²)
2548 1276 2642 1319 inde

211 1345 263 1388 ab
302 1345 598 1401 antiquissimis
636 1345 889 1400 temporibus
928 1344 1186 1387 habebantur
1222 1344 1394 1394 Pollux,
1436 1344 1653 1396 Hercules,
1695 1344 1982 1400 Aesculapius,
2021 1347 2220 1390 Romulus
2261 1347 2346 1390 sive
2389 1346 2640 1401 Quirinus.³)

210 1417 270 1460 Hi
300 1419 343 1461 et
373 1417 459 1460 deis
490 1419 571 1461 orti
601 1419 644 1460 et
672 1417 827 1460 virtute
863 1430 938 1460 sua
967 1416 1009 1459 in
1037 1416 1277 1460 caelestium
1318 1416 1488 1460 concilio
1524 1417 1716 1459 collocati
1756 1418 1843 1460 tam
1873 1430 1989 1472 saepe
2019 1432 2098 1461 una
2129 1422 2554 1472 commemorantur,⁴)
2594 1423 2643 1464 ut

210 1489 364 1536 nodum
393 1489 436 1532 in
467 1488 598 1545 scirpo
629 1501 819 1545 quaerere
849 1489 885 1532 is
915 1488 1157 1532 iudicandus
1187 1488 1256 1539 sit,
1288 1488 1372 1544 qui,
1405 1501 1477 1531 cur
1506 1501 1585 1532 non
1615 1489 1689 1532 alii
1719 1488 1859 1532 heroes
1888 1489 1930 1532 in
1961 1490 2033 1534 111.
2059 1492 2084 1534 3
2107 1493 2408 1544 enumerentur,
2440 1492 2641 1543 miratur;

211 1561 338 1607 etiam
369 1561 474 1606 illud
504 1561 769 1618 subargutuli
800 1561 975 1605 censoris
1006 1561 1070 1604 est
1100 1560 1287 1615 scrutari,
1321 1573 1421 1604 num
1440 1560 1627 1605 Bacchus
1648 1561 1813 1616 aliique,
1846 1575 2017 1617 quorum
2036 1562 2232 1607 Horatius
2254 1563 2355 1607 facit
2374 1564 2639 1618 mentionem,

212 1634 312 1678 iusti
343 1635 586 1689 tenacesque
617 1634 816 1690 propositi
847 1633 1047 1689 appellari
1077 1633 1263 1676 debeant.
1325 1633 1480 1676 Heroes
1511 1633 1620 1676 enim
1652 1633 1694 1676 in
1725 1634 1959 1689 superandis
1988 1634 2298 1678 difficultatibus
2335 1637 2639 1692 laboribusque,

430 1886 452 1931 ¹)
479 1884 606 1927 Doleo,
622 1884 719 1930 quod
733 1884 831 1926 mihi,
851 1885 1169 1929 quantumcunque
1184 1882 1459 1926 contendebam,
1474 1894 1545 1919 non
1554 1883 1662 1919 licuit
1672 1883 1908 1919 Haberlandii
1922 1883 1965 1919 de
1981 1883 2047 1919 111.
2059 1884 2081 1919 3
2091 1885 2431 1921 commentationem
2444 1886 2640 1931 inspicere.

212 1944 312 1989 Quae
338 1956 419 1981 cum
445 1944 577 1981 abhinc
603 1946 748 1981 centum
773 1955 885 1980 annos
917 1944 1027 1980 Ienae
1052 1942 1247 1989 prodierit,
1274 1942 1320 1979 ab
1347 1954 1409 1986 eo,
1436 1944 1498 1989 qui
1523 1945 1661 1979 tractat
1686 1943 1932 1979 universitatis
1949 1942 2218 1985 bibliothecam,
2245 1943 2302 1979 bis
2326 1945 2459 1990 petivi,
2482 1948 2525 1981 ut
2549 1947 2640 1988 mihi

210 2006 431 2050 potestatem
456 2004 593 2040 faceret
617 2003 734 2040 libelli
759 2002 1059 2040 Haberlandiani.
1111 2003 1272 2050 Roganti
1296 2002 1352 2039 ita
1377 2002 1602 2039 satisfactum
1622 2005 1688 2045 est,
1719 2004 1761 2038 ut
1790 2014 1855 2038 nec
1881 2002 1926 2038 ad
1943 2002 2096 2048 priorem
2121 2014 2186 2038 nec
2204 2002 2250 2039 ad
2268 2002 2423 2040 alteram
2442 2005 2637 2050 epistolam

211 2064 410 2111 quidquam
434 2064 727 2110 responderetur.
776 2064 884 2100 Fecit
907 2062 971 2100 ille
997 2062 1144 2109 quidem
1168 2064 1425 2106 inhumaniter,
1452 2063 1516 2099 sed
1543 2064 1666 2099 nescio
1691 2074 1739 2099 an
1763 2064 1830 2099 hac
1862 2074 1900 2098 re
1938 2066 2122 2099 excusatus
2148 2063 2266 2106 abeat,
2294 2064 2391 2109 quod
2417 2065 2641 2101 homunculo

209 2124 273 2161 uni
290 2135 332 2163 ex
356 2124 482 2162 multis
507 2135 643 2162 morem
669 2124 748 2171 geri
773 2134 846 2161 non
871 2125 1051 2170 oporteat.
1094 2123 1183 2169 Quis
1209 2125 1330 2161 autem
1347 2122 1521 2171 purgabit
1545 2122 1781 2160 Leutschium
1800 2121 2084 2170 Gottingeusem,
2112 2123 2173 2169 qui
2191 2123 2370 2170 epistoliis
2397 2124 2639 2172 epistolisque

209 2186 300 2222 meis
324 2195 439 2231 paene
464 2185 643 2221 sexcentis
676 2184 795 2220 adhuc
820 2184 960 2230 impelli
993 2195 1066 2220 non
1090 2184 1224 2230 potuit,
1256 2186 1298 2219 ut
1330 2176 1538 2219 humaniter
1562 2183 1789 2224 rescriberet,
1823 2183 1909 2229 quid
1937 2182 2063 2218 fecerit
2095 2183 2160 2219 illa
2185 2185 2502 2227 commentatione,
2528 2195 2638 2231 quam

212 2247 245 2282 ei
269 2248 355 2282 ante
385 2246 452 2281 hos
482 2247 558 2281 tres
591 2256 705 2281 annos
739 2244 876 2281 tradidi
909 2243 1105 2290 Philologo
1138 2255 1203 2279 suo
1235 2243 1490 2280 inserendam?
1520 2243 1699 2289 Equidem
1732 2246 1856 2280 tamen
1881 2255 1951 2279 non
1976 2243 2099 2279 diffido
2130 2244 2247 2279 virum
2280 2243 2542 2286 doctissimum,
2574 2245 2638 2280 ubi

209 2304 365 2352 primum
393 2316 435 2341 ex
458 2304 526 2341 hoc
552 2314 694 2351 quoque
718 2303 846 2340 libello
870 2301 1107 2348 intellexerit,
1132 2305 1356 2350 quantopere
1381 2314 1506 2340 aveam
1530 2306 1669 2340 certum
1705 2302 1876 2351 quiddam
1901 2313 2113 2350 cognoscere
2139 2302 2183 2338 de
2212 2304 2510 2341 commentariolo
2544 2314 2638 2347 meo,

210 2365 411 2402 dicturum:
438 2365 540 2408 „Iam
565 2365 639 2401 iam
657 2364 796 2400 efficaci
822 2364 868 2400 do
886 2363 1234 2409 manus‘epistolae“
1259 2364 1616 2410 pers-cripturamque
1642 2363 1689 2400 ad
1713 2375 1780 2406 me,
1807 2366 1927 2399 utrum
1944 2374 2034 2408 quae
2051 2363 2144 2405 misi,
2169 2363 2245 2399 fato
2264 2364 2420 2409 quodam
2446 2365 2637 2409 perierint,

210 2437 257 2463 an
281 2437 428 2463 necesse
453 2437 532 2462 esse
557 2424 734 2468 videatur,
761 2423 1062 2471 priusquamnlla
1085 2424 1124 2460 in
1148 2423 1266 2460 lucem
1291 2424 1531 2471 proferantur,
1558 2424 1705 2471 longius
1731 2424 1886 2460 triennio
1912 2423 2036 2469 premi.
2084 2422 2151 2458 Est
2175 2426 2297 2459 autem
2323 2435 2410 2460 sane
2436 2435 2478 2460 eo
2504 2425 2637 2472 magis,

208 2497 273 2522 cur
297 2486 484 2522 Leutschii
510 2485 748 2530 asperitatem
772 2485 892 2527 mirer,
919 2485 1016 2529 quod
1042 2496 1136 2519 nunc
1161 2484 1316 2528 primum
1341 2485 1380 2519 in
1405 2496 1463 2520 me
1489 2484 1633 2529 quidem
1659 2487 1735 2519 tam
1760 2483 1989 2519 illiberaliter
2013 2494 2050 2517 se
2075 2483 2200 2527 gessit.

426 2561 455 2602 ²)
482 2557 556 2594 Cio.
584 2557 663 2594 Cat.
690 2556 756 2592 ΠΙ.
790 2558 850 2592 13.

423 2629 451 2675 ³)
478 2628 550 2665 vid.
576 2629 765 2674 interpret.
792 2627 839 2664 ad
865 2627 938 2664 Cic.
964 2627 1037 2674 leg.
1062 2627 1112 2663 H.
1138 2628 1230 2670 8.19;
1256 2626 1301 2663 de
1327 2627 1477 2671 Quirino
1503 2626 1547 2663 cf.
1575 2627 1799 2673 Schwegler:
1825 2627 1925 2662 Rom.
1952 2625 2165 2662 Geschichte
2190 2625 2217 2661 1.
2245 2626 2327 2662 384.

424 2701 452 2748 ⁴)
479 2700 593 2737 veluti
619 2700 731 2737 Silius
755 2699 906 2736 Italicus
932 2699 1008 2735 XV.
1036 2699 1082 2736 78
1107 2698 1198 2735 haec
1223 2698 1408 2735 Virtutem
1432 2698 1520 2736 facit
1545 2697 1745 2735 dicentem:

1071 2755 1237 2795 Referam
1262 2758 1351 2804 quid
1375 2761 1506 2795 cuncta
1534 2758 1741 2795 domantem

925 2818 1307 2868 nphitryoniaden?
1333 2818 1421 2865 quid
1446 2819 1514 2860 cui,
1540 2820 1626 2866 post
1651 2818 1758 2854 Seras
1784 2820 1822 2852 et
1845 2816 1954 2852 Indos

925 2878 1080 2925 Captivo
1105 2878 1216 2915 Liber
1240 2889 1322 2915 cum
1347 2878 1453 2925 signa
1476 2878 1629 2915 referret
1657 2877 1702 2914 ab
1727 2878 1832 2919 Euro,

924 2939 1131 2978 Caucaseae
1155 2950 1300 2977 currum
1325 2938 1457 2976 duxere
1485 2949 1549 2986 per
1574 2937 1710 2986 oppida
1734 2935 1871 2984 tigres?

926 2998 1023 3044 Quid
1048 2998 1251 3047 suspiratos
1274 3008 1408 3047 magno
1433 2998 1473 3034 in
1498 2997 1704 3034 discrimine
1729 2996 1848 3033 nautis

925 3059 1089 3097 Ledaeos
1114 3060 1268 3097 referam
1292 3060 1425 3096 fratres
1454 3061 1685 3104 vestrumque
1711 3057 1925 3101 Quirinum?

424 3120 563 3167 Quibus
589 3121 627 3157 in
652 3119 818 3157 versibus
843 3122 966 3157 utrum
998 3131 1040 3158 ex
1065 3120 1220 3158 Horatio
1250 3119 1409 3167 pendeat
1433 3118 1553 3162 Silius,
1580 3121 1624 3155 ut
1648 3118 1711 3155 alii
1736 3116 1941 3153 existimant
1965 3114 2051 3160 (vid.
2079 3115 2348 3153 Drakenborch.
2384 3116 2430 3153 ad
2456 3116 2533 3153 XV.
2562 3118 2636 3164 78),

208 3192 256 3218 an
281 3181 428 3219 aliunde
454 3183 614 3228 (exstant
651 3181 759 3227 plura
790 3180 829 3217 id
863 3186 993 3227 genus
1018 3180 1115 3226 apud
1139 3176 1369 3217 Luebkerum
1399 3189 1434 3225 p.
1465 3179 1562 3222 533),
1602 3178 1784 3214 difficilius
1817 3176 1927 3212 fuerit
1960 3175 2168 3211 diiudicare.
2219 3176 2476 3222 Quemcunque
2512 3180 2635 3214 autem

208 3240 375 3278 imitatus
401 3243 468 3285 eat,
495 3253 538 3278 ex
562 3241 711 3277 Silianis
737 3251 880 3287 quoque
904 3239 1069 3277 versibus
1093 3239 1214 3277 elucet
1237 3240 1331 3276 hane
1355 3240 1483 3275 horum
1507 3239 1659 3274 heroum
1676 3235 2047 3274 commemorationem
2073 3246 2145 3271 non
2171 3235 2243 3271 alio
2262 3239 2427 3281 spectare
2455 3247 2497 3272 ac
2523 3248 2636 3283 supra

206 3298 376 3347 exposui:
418 3300 497 3337 Hac
524 3312 566 3337 ex
590 3310 630 3337 re
656 3300 718 3346 qui
743 3300 826 3346 plus
852 3300 963 3341 elicit,
989 3302 1032 3336 ut
1055 3309 1172 3345 nuper
1194 3299 1381 3336 Pluessius
1407 3309 1549 3344 quoque
1573 3298 1666 3334 fecit·
1688 3297 1745 3343 (cf.
1773 3296 1845 3332 Des
1872 3295 2015 3341 Vergils
2040 3295 2154 3330 vierte
2179 3295 2324 3341 Ecloge.
2351 3296 2467 3332 Jahns
2504 3296 2636 3334 Jahrb.

209 3356 302 3398 1877
327 3371 363 3409 p.
390 3357 464 3406 71),
489 3360 520 3396 is
546 3360 654 3397 nimis
670 3369 781 3396 acres
807 3361 1006 3406 acutosque
1030 3358 1144 3395 habet
1165 3358 1302 3395 oculos,

2519 0 2545 7 -ε
2567 0 2588 13 υ.
2598 0 2610 4 -
2618 0 2659 25 ⁷<
2670 0 2920 42 ἓϊῆῑῖῗιὲᾞ
