2920 3717
687 339 718 363 J
837 322 905 347 ῃ

576 458 610 465 „
678 394 1122 463 Δζῇ-ἰίιιῖιίὶορι’(σΙιοηιιί,
1162 377 1452 458 prirnaprinn‘
1490 401 1683 446 cuminis
1722 401 2164 459 shopbamagnifiens
2203 342 2689 460 qdhnintrnitmac

600 465 895 531 ,dequibus
925 471 1111 518 dicturus
1141 473 1369 531 est-poeta,
1399 473 1647 531 perdignum
1675 472 1885 518 exordium
1915 475 1958 518 et
1983 474 2113 531 primi
2154 473 2349 520 carminis
2378 473 2686 519 eteetnerm

468 534 596 608 αἱρῇ
612 543 849 590 babendum
885 545 1011 601 atque
1050 544 1103 589 iis
1143 557 1318 602 quoque,
1356 545 1429 602 qui
1481 558 1577 590 cum
1611 545 1780 590 Lebrsio
1829 546 2098 591 contendunt·
2138 560 2210 601 „es
2249 547 2309 591 sei
2338 545 2586 591 bedenklicb
2615 544 2684 589 mr

391 609 530 667 *Siste
544 616 647 686 φο
675 616 852 672 Strophe
882 616 1050 661 solchen
1078 617 1241 661 Inbalts
1271 616 1357 663 und
1385 617 1635 676 Schwunges
1671 617 1789 661 nicht
1816 618 2089 663 kunstlerisch
2130 620 2309 664 verwebt
2346 632 2398 663 zu
2436 618 2560 663 seben
2599 618 2681 662 mit

244 675 654 751 deolgchn,
685 688 963 734 confitendum
983 690 1124 735 esset
1111 704 1155 735 ιι
1184 690 1332 736 silvam
1361 690 1477 748 ligna
1502 691 1605 736 ferre
1635 703 1716 735 non
1751 688 1930 744 insanius
1958 704 2043 735 esse
2070 705 2196 747 qnam
2215 705 2437 748 pernegare
2454 689 2682 735 Horatium

242 773 414 816 nmero
443 773 526 815 sex,
561 772 703 819 reapse
743 774 874 806 unum
910 761 1133 807 confecisse
1170 775 1346 808 carmen.
1407 762 1490 808 Sed
1528 762 1631 808 haec
1667 776 1734 807 res
1771 762 1892 821 longe
1931 763 2051 808 aliter
2087 777 2130 808 se
2169 763 2297 809 habet
2333 775 2568 819 eorumque,
2606 761 2681 819 qni

209 867 214 871 -
243 821 449 882 omnium
470 838 540 878 sea
576 823 807 878 carminum
835 834 1034 878 materiae
1069 834 1381 891 inseparabilem
1425 834 1724 891 quodammodo
1763 834 1999 878 societatem
2039 837 2163 892 atque
2202 835 2409 880 unitatem
2448 834 2677 887 venditant,

108 935 132 968 „¹
197 928 199 931 ·
238 884 600 962 mum
642 905 843 950 eiusmodi
890 907 999 960 sunt,
1056 907 1107 950 nt
1147 907 1315 963 optatae
1361 907 1496 964 magis
1543 920 1668 964 qnam
1718 907 1906 950 inventae
1958 907 2186 952 videantur.
2256 908 2403 963 Neque
2447 919 2542 950 vero
2589 905 2680 949 fieri

96 969 151 1028 ἶς’
193 984 196 988 ’
251 971 438 1034 peterat,
485 977 584 1033 quin
637 978 856 1034 praecipue
902 979 957 1032 ii,
1005 979 1078 1035 qui
1129 978 1272 1036 cyclici
1318 979 1509 1023 carminis
1556 981 1599 1024 et
1642 980 1830 1023 auctores
1871 980 1914 1022 et
1959 982 2276 1036 propugnatores
2320 981 2366 1023 et
2411 978 2682 1022 admiratoroe

150 1064 152 1066 ·
244 1048 502 1113 assumat,
533 1049 636 1095 haec
664 1050 892 1115 proferrent
921 1050 974 1095 de
1001 1047 1106 1096 illis
1118 1051 1381 1104 carminibus,
1421 1064 1525 1108 quae
1562 1051 1799 1109 opinionum
1837 1053 2065 1096 commenta
2101 1065 2150 1095 ac
2189 1052 2376 1096 monstra
2412 1063 2492 1095 non
2528 1049 2680 1094 iniuria

53 1135 65 1145 2
156 1179 170 1189 ,
245 1107 528 1178 appellaveris
598 1121 726 1179 Capti
764 1122 874 1167 euim
911 1133 961 1167 ac
993 1123 1281 1180 praeoccupati
1324 1123 1569 1168 testimoniis
1608 1123 1695 1167 illis
1733 1123 1906 1167 externis
1944 1136 2076 1167 rerum
2116 1125 2390 1168 tractatamm
2436 1135 2680 1167 consensum

244 1194 581 1250 concentumque
597 1194 640 1241 in
670 1194 855 1239 versibus
885 1195 1124 1240 Horatianis
1152 1208 1227 1252 pro
1256 1195 1412 1240 viribus
1442 1196 1558 1251 quasi
1588 1195 1910 1251 imprimendum
1947 1196 2157 1250 putabant.
2218 1194 2339 1239 Hanc
2378 1193 2677 1250 interpretandi

243 1264 354 1310 viam
397 1265 583 1322 quisquis
627 1266 877 1324 ingreditur,
928 1267 971 1311 in
1010 1279 1165 1311 errores
1209 1267 1429 1312 inducatur
1477 1280 1639 1312 necesse
1684 1268 1761 1311 est.
1824 1266 1934 1321 Quos
1971 1266 2041 1322 qui
2089 1267 2219 1311 vitare
2257 1266 2435 1311 voluerit
2474 1278 2525 1310 ac
2563 1267 2678 1311 certa

244 1336 401 1382 ratione
437 1338 481 1381 et
515 1336 586 1381 via
614 1338 834 1395 profligare
872 1338 1167 1395 quaestionem,
1210 1351 1336 1395 quam
1374 1339 1478 1382 mihi
1514 1338 1707 1396 proposui
1736 1338 2038 1391 enucleandam,
2080 1339 2130 1392 ei,
2170 1340 2219 1382 ut
2247 1338 2353 1382 mihi
2381 1337 2558 1390 videtur,
2595 1350 2676 1381 non

153 1423 155 1427 ’
243 1410 339 1454 ante
382 1408 630 1455 indiciorum
677 1410 953 1467 conglutinati
983 1410 1198 1455 cuiusdam
1244 1411 1437 1455 carminis
1482 1411 1585 1455 ratio
1631 1411 1712 1455 erit
1742 1410 1938 1464 ducenda,
1984 1423 2107 1466 quam
2152 1410 2422 1467 inquisiverit,
2470 1409 2572 1466 quid
2619 1409 2678 1454 sit

245 1478 479 1540 argumenti
508 1482 768 1540 singulorum
798 1483 1041 1538 carminum,
1073 1483 1173 1540 quid
1202 1485 1368 1540 poetam
1397 1484 1621 1540 impulerit,
1654 1485 1703 1527 ut
1729 1483 1805 1527 hos
1834 1496 1975 1527 versus
2004 1483 2165 1535 faceret,
2196 1483 2297 1539 quid
2327 1483 2391 1527 his
2422 1482 2677 1526 carminibus

243 1556 410 1599 secutus
450 1555 519 1608 sit,
559 1568 661 1599 num
699 1555 862 1599 omnino
910 1568 957 1599 ex
995 1541 1246 1606 carminibus
1290 1556 1391 1612 ipsis
1435 1556 1522 1599 erui
1559 1556 1702 1612 possit,
1741 1568 1821 1611 qno
1866 1568 1968 1599 anno
2007 1555 2168 1599 condita
2208 1556 2304 1599 sint.
2375 1555 2490 1598 Haec
2537 1553 2677 1597 omnia

243 1627 458 1683 explanare
499 1639 709 1683 nunquam
753 1640 833 1672 non
875 1627 1094 1672 videbatur
1131 1627 1342 1672 difficilius
1382 1628 1425 1672 in
1463 1628 1641 1672 carmine
1689 1628 1825 1681 tertio,
1863 1629 2020 1683 quarte,
2063 1628 2204 1683 quinto
2242 1640 2367 1682 quam
2403 1627 2446 1669 in
2487 1626 2673 1681 reliquis.

243 1698 312 1742 Ad
340 1687 416 1742 ilfa
445 1700 586 1743 autem
605 1697 768 1743 duabus
788 1699 839 1743 de
860 1701 995 1744 causis
1014 1700 1128 1755 prius
1148 1700 1353 1753 acoedam,
1385 1713 1559 1755 quarum
1579 1713 1663 1744 una
1682 1702 1761 1751 est,
1792 1700 1901 1756 quod
1921 1701 2115 1756 quantam
2135 1698 2431 1755 interpretandi
2461 1697 2674 1742 licentiam

138 1793 156 1829 χ
241 1770 388 1826 cyclici
418 1770 609 1814 carminis
640 1770 869 1815 defensores
906 1772 986 1815 sibi
1023 1773 1249 1824 assumant,
1291 1785 1339 1815 ex
1375 1772 1626 1815 accuratiore
1663 1772 1811 1815 horum
1848 1764 2072 1814 carminum
2109 1770 2353 1814 tractatione
2393 1770 2459 1813 vel
2497 1770 2675 1812 maxime

243 1843 425 1897 apparet,
457 1843 602 1895 altera,
634 1843 744 1897 quod
774 1856 869 1886 cum
899 1843 1104 1898 plerisque
1132 1844 1197 1887 his
1217 1836 1435 1899 praecipue
1464 1843 1716 1886 carminibus
1751 1843 1887 1885 fnlciri
1907 1842 2091 1886 videatur
2121 1855 2196 1884 sua
2225 1842 2275 1884 de
2306 1842 2460 1897 cyclico
2493 1841 2674 1884 carmine

242 1908 389 1968 opinio,
428 1913 539 1958 idem
577 1914 681 1960 mihi
709 1912 822 1971 puto*
858 1915 1104 1968 faciendum,
1149 1915 1259 1971 quod
1305 1915 1437 1959 facere
1484 1915 1628 1968 solent,
1677 1915 1748 1970 qui
1788 1914 2081 1971 aggrediuntur
2120 1914 2171 1957 ad
2217 1912 2395 1957 solidum
2440 1912 2674 1957 aedificium

243 1985 547 2030 destruendum.
609 1986 669 2030 Hi
698 1986 807 2030 enim
843 1987 1028 2031 omnium
1057 1987 1239 2043 primum
1276 1986 1530 2030 validissima
1558 1986 1827 2030 fundamenta
1862 1987 1904 2029 et
1943 1986 2199 2029 firmamenta
2236 1985 2416 2027 evertere
2459 1985 2671 2037 conantur,

242 2057 352 2113 quod
388 2057 454 2100 his
492 2057 690 2115 discussis
725 2071 775 2102 ac
810 2059 993 2103 disiectis
1022 2059 1181 2115 reliqua
1216 2060 1291 2103 aut
1318 2058 1432 2103 illico
1472 2059 1589 2103 ruina
1630 2059 1891 2102 collabuntur
1915 2060 2002 2115 ⁴aut
2037 2057 2149 2100 facili
2187 2056 2351 2112 negotio
2376 2056 2672 2099 'convelluntur

242 2142 290 2172 ac
318 2130 634 2174 labefactantur.
697 2125 969 2175 Pertractatis
997 2132 1128 2188 igitur
1156 2132 1221 2174 his
1247 2131 1382 2174 tribus
1412 2131 1660 2174 carminibus
1687 2131 1890 2186 inquiram
1920 2131 1961 2173 in
1991 2130 2159 2185 reliqua,
2191 2129 2242 2171 de
2279 2129 2442 2183 quibus,
2475 2129 2672 2183 quoniam

174 2219 182 2222 ·
242 2203 339 2246 ante
367 2195 660 2258 praemuniem,
692 2216 831 2258 presse
861 2192 1073 2259 disputare
1092 2203 1197 2247 mihi
1225 2203 1384 2254 licebit;
1423 2205 1515 2247 tum
1546 2202 1712 2247 demum
1744 2202 1952 2255 disseram,
1984 2201 2082 2257 quid
2112 2201 2373 2244 tribuendum
2405 2200 2462 2243 sit
2493 2201 2672 2243 externis

240 2272 326 2317 illis
356 2285 404 2316 ac
434 2274 567 2329 primo
598 2274 748 2319 obtutu
779 2286 875 2318 sane
905 2275 1156 2318 notabilibus
1185 2274 1360 2328 indiciis,
1392 2274 1502 2318 unde
1523 2276 1621 2318 ‘tota
1652 2274 1837 2330 quaestio
1867 2276 1964 2317 nata
1994 2275 2036 2316 et
2065 2273 2246 2329 profecta
2275 2274 2348 2315 est.

247 2368 270 2375 -·
457 2344 517 2391 Ut
536 2347 673 2389 autem
698 2358 790 2390 cum
812 2346 857 2390 in
877 2347 1024 2402 quarto
1043 2346 1269 2402 quintoque
1297 2346 1476 2390 (armirie
1506 2348 1597 2390 tum
1628 2346 1843 2402 praecipue
1874 2346 1916 2388 in
1946 2345 2067 2389 tertio
2096 2344 2259 2400 lougius
2288 2344 2510 2395 haererem,
2544 2339 2670 2399 quam

241 2418 316 2461 aut
349 2418 413 2461 fas
444 2419 519 2462 aut
545 2430 726 2473 aequum
765 2418 968 2472 videatur,
1010 2419 1089 2462 hac
1125 2431 1170 2462 re
1205 2419 1364 2462 factum
1404 2420 1489 2472 est,
1528 2418 1636 2473 quod
1666 2418 1858 2473 quoniam
1895 2418 1997 2460 mibi
2026 2415 2207 2472 persuasi
2235 2416 2447 2470 pertinere,
2491 2428 2597 2470 quae
2627 2416 2671 2458 in

240 2489 580 2547 disceptationem
620 2490 981 2546 quaestionemque
1018 2492 1237 2542 vocantur,
1274 2491 1402 2535 etiam
1439 2490 1492 2534 ad
1528 2490 1611 2533 alia
1649 2490 1830 2533 carmina
1858 2489 2102 2540 Horatiana,
2134 2499 2272 2530 meum
2302 2499 2390 2530 esse
2420 2487 2567 2543 putavi
2607 2499 2669 2540 ea,

167 2619 170 2623 ¹
240 2574 345 2618 quae
374 2561 486 2607 docti
515 2562 700 2608 homines
730 2575 805 2607 suo
835 2563 974 2607 Marte
1014 2561 1066 2606 de
1100 2563 1165 2606 his
1199 2563 1454 2607 carminibus
1492 2562 1781 2615 disseruerunt,
1822 2575 1901 2606 non
1932 2561 2075 2605 leviter
2104 2560 2386 2619 perstringere,
2426 2559 2497 2602 sed
2527 2561 2578 2603 ut
2608 2560 2672 2603 ait

239 2633 418 2687 Tullius,
451 2635 680 2678 comminus
710 2647 833 2692 agere
851 2634 1115 2691 experirique,
1147 2635 1183 2678 si
1203 2635 1358 2690 possim
1376 2648 1529 2679 cornua
1548 2644 1802 2678 commovere
1821 2634 2053 2690 opinionum
2073 2629 2327 2686 quarundam
2345 2630 2671 2675 inveteratarum

239 2715 371 2762 neque
390 2706 445 2750 ad
463 2706 566 2751 haec
586 2706 675 2750 sola
705 2707 886 2751 carmina
905 2706 1275 2764 metantiumae
1218 2707 1438 2751 -Btiam
1457 2706 1560 2772 illud
1579 2705 1911 2762 investigandum
1932 2700 2155 2756 videbatur,
2177 2702 2351 2747 utinm
2338 2715 2428 2746 iure
2449 2715 2502 2746 ιιι
2520 2702 2673 2759 injuria

143 2781 156 2790 ⁷
240 2774 455 2822 statuatur
469 2777 853 2835 interpolationibus
880 2776 1111 2836 nugatoriis
1140 2773 1443 2835 haec-carmina
1464 2768 1551 2822 esse
1571 2777 1811 2830 deformata,
1839 2778 1978 2821 utrum
2000 2786 2286 2830 usquequaque
2306 2773 2482 2818 limatus
2503 2774 2671 2818 Horatii

239 2848 364 2895 sulus
393 2849 620 2908 splendeat,
651 2862 704 2894 an
734 2852 951 2895 occurrant
970 2849 1189 2907 quaedam,
1221 2862 1340 2907 quae,
1369 2851 1420 2894 ut
1447 2860 1644 2906 agnoscas
1673 2850 1818 2905 poetae
1838 2846 2035 2891 Venusini
2063 2845 2243 2890 sobrium
2272 2845 2499 2902 ingenium,
2532 2858 2670 2889 emen-

239 2919 450 2985 Othonem
462 2921 723 2966 vebmenter
737 2922 1037 2978 requirant—
1051 2922 1277 2978 Pmcipue
1295 2935 1390 2966 vero
1409 2921 1453 2964 id
1472 2920 1576 2965 mihi
1590 2920 1796 2977 proposui,
1814 2920 1865 2963 ut
1885 2918 2204 2962 demonstrarem
2224 2916 2326 2961 satis
2347 2929 2496 2961 caune
2526 2917 2668 2970 fuisse,

11 2993 130 3036 ‘·.
239 2989 1372 3069 curaggredereradmterpretandahaeccarmmae
1426 2990 2189 3048 Hocprobarenonmelinspotero,
2220 2988 2670 3046 quamsiaccnratins

8 3077 11 3079 ’
97 3116 110 3128 ὁ
156 3058 163 3060 ξ
238 3056 394 3130 eorm,
424 3065 499 3123 qui
516 3064 614 3129 ante
632 3078 701 3110 me
719 3065 765 3110 in
791 3065 872 3111 bac
901 3056 1140 3123 quaestione
1168 3066 1268 3111 sunt
1286 3052 1451 3118 versati,
1483 3063 1690 3146 opiniones
1720 3065 1843 3145 atque
1872 3061 2115 3130 argumenta
2133 3059 2395 3142 perpendero.
2455 3058 2550 3104 Hac
2577 3060 2672 3118 ipsa

2374 3359 2454 3395 ·11
