2920 3717
188 314 200 322 Ἰ
223 338 350 406 fflo,
388 352 457 399 cui
486 353 599 398 victa
629 363 752 397 eausa
780 350 877 407 plus
895 349 1081 407 placeret
1109 361 1236 406 quam
1256 349 1405 395 victrix
1436 351 1545 405 deis;
1577 335 1803 410 antiquum
1825 320 2157 412 rerum-statim
2192 364 2273 405 nou
2300 351 2373 401 u·
2390 347 2606 398 m
2710 390 2750 416 ¹..

224 421 391 482 phua,
422 426 473 470 ut
498 424 581 468 nisi
606 424 650 467 in
679 422 810 465 libera
837 433 882 464 re
912 420 1236 477 publicavivere
1265 433 1341 464 nec
1371 423 1501 467 vellet
1530 437 1606 468 nec
1634 426 1789 481 posset,
1820 424 1894 486 sed
1922 413 2038 470 baud
2063 424 2152 497 iure
2181 424 2244 478 st,
2275 424 2326 468 ut
2353 422 2466 469 desti
2486 414 2690 485 m·
2714 425 2750 472 j:

225 508 329 542 eum
357 496 477 553 quasi
506 505 749 551 praeconem
781 491 964 549 Augusti
1001 491 1238 536 dominatus
1275 493 1471 538 vocitent
1535 493 1838 552 Complectenti
1875 496 2013 541 anino
2043 509 2105 551 ea,
2143 508 2259 554 quae
2278 493 2469 553 scripit,
2492 476 2705 553 quud·
2736 482 2769 559 J*

226 567 344 626 apud
373 566 617 613 Suetonium
648 565 699 609 de
729 578 777 609 eo
808 564 909 609 sunt
936 564 1105 620 scripta,
1136 563 1291 609 rectius
1320 564 1426 609 mihi
1463 565 1630 616 videtur
1659 579 1859 624 occupare
1889 580 2043 613 nomen
2067 569 2128 613 rei
2156 567 2348 626 publicae
2376 564 2539 613 liberae
2551 562 2683 615 amici
2797 605 2800 608 .
2824 592 2848 624 «ς,

227 651 356 696 quam
398 638 503 695 regii
538 637 700 693 imperii
741 636 914 679 fautoris
945 636 1072 692 atque
1106 636 1437 693 propugnatoris.
1501 638 1668 682 Etenim
1708 639 1887 695 ingenue
1916 639 2125 696 libereque
2160 633 2378 698 profitetur
2414 652 2459 684 se
2497 641 2525 683 a'
2557 637 2682 704 ,Bruti
2714 632 2716 636 ⁴

230 723 358 755 causa
392 709 579 760 stetisse;
621 704 943 764 quotiescunque
981 720 1148 761 eorum,
1192 708 1439 764 quibuscum
1469 709 1708 753 libertatem
1744 709 1999 763 defenderat,
2039 712 2141 756 facit
2175 712 2441 765 mentionem,
2471 700 2682 768 nunquam
2748 715 2763 726 ”
2846 702 2851 714 ³

229 781 309 828 nisi
337 780 748 826 honorificentissime
778 778 1082 833 commilitones
1111 781 1404 825 commemorat
1435 792 1566 836 neque
1595 779 1770 833 laborat,
1802 780 1947 826 utrum
1975 782 2078 827 haec
2107 782 2271 831 dicendi
2298 782 2469 839 libertas
2497 776 2684 841 Augusti
2716 775 2722 784 '

228 867 350 898 aures
370 853 511 897 laedat
529 852 770 908 pungatque
800 864 941 898 necne.
946 853 979 903 ²)
1011 851 1230 907 Nusquam
1251 850 1431 907 regalem
1451 864 1539 895 rem
1555 850 1767 907 publicam
1783 851 2190 910 dominationemque
2209 854 2355 900 laudat
2371 853 2682 904 commend-tre

230 927 283 972 ut
300 925 503 983 optimum
525 936 661 968 rerum
682 923 855 968 statum
909 921 1097 968 Summis
1116 922 1309 969 laudibus
1330 921 1449 966 effert
1468 922 1710 979 principem,
1742 922 1814 979 qui
1834 935 1932 968 cum
1951 923 2176 980 prudenter
2195 937 2246 969 ac
2264 925 2454 972 sollerter
2473 925 2682 980 summam

230 1011 371 1043 rerum
401 996 663 1041 administret
698 994 907 1038 libertatis
937 994 1120 1052 imagine
1151 995 1295 1039 relicta
1332 995 1457 1050 atque
1488 994 1622 1050 specie
1644 994 1834 1051 ‚quadam
1864 995 2063 1051 pristinae
2093 997 2151 1039 rei
2180 997 2372 1053 publicae
2403 998 2680 1051 conservatu’)

229 1071 325 1114 tum
354 1081 449 1113 vero
487 1067 670 1111 moribus
707 1067 835 1117 ornet,
880 1067 1045 1124 legibus
1086 1067 1275 1111 emendet
1312 1066 1524 1110 civitatem
1564 1068 1803 1123 veteresque
1840 1069 2006 1111 revocet
2043 1068 2175 1119 artes3
2218 1069 2268 1112 ut
2307 1068 2431 1113 homo
2471 1070 2681 1115 Romanus

229 1142 411 1188 maximo
452 1152 571 1197 opere
612 1139 793 1183 celebrat
833 1151 983 1183 nomen
1014 1138 1209 1197 Augusti,
1246 1138 1396 1195 quippe
1427 1138 1498 1194 qui
1528 1151 1593 1182 res
1624 1138 1755 1183 Italas
1794 1138 1921 1184 armis
1957 1140 2122 1184 tutetur
2157 1139 2356 1196 cuiusque
2385 1140 2541 1186 virtute
2569 1142 2683 1188 fama

230 1217 279 1259 et
306 1214 470 1270 imperii
490 1213 685 1256 maiestas
717 1213 879 1255 crescat
909 1213 953 1255 et
974 1213 1188 1268 augeatur.
1249 1211 1343 1255 Huc
1371 1211 1545 1262 accedit,
1578 1211 1688 1267 quod
1719 1213 1763 1256 et
1783 1212 1893 1256 laeto
1923 1213 1966 1256 et
1996 1213 2117 1269 grato
2146 1212 2283 1256 animo
2310 1225 2473 1268 semper
2491 1210 2689 1260 meminit.

227 1300 340 1341 eum,
370 1298 494 1343 penes
516 1297 639 1341 quem
671 1297 837 1328 summa
856 1284 923 1328 est
943 1284 1130 1328 omnium
1149 1296 1298 1335 rerum,
1329 1296 1408 1328 non
1430 1283 1613 1327 alienum
1634 1296 1721 1328 esse
1741 1296 1767 1327 a
1785 1284 1899 1340 poesi
1919 1285 2044 1340 atque
2075 1284 2192 1328 bonis
2219 1284 2353 1340 poetis
2373 1284 2682 1341 artificibusque

229 1361 274 1404 et
304 1358 536 1403 adiutorem
567 1359 610 1401 et
640 1357 847 1400 fautorem
879 1356 1084 1400 exsistere.
1148 1356 1291 1412 Neque
1331 1368 1427 1399 vero
1467 1355 1572 1399 illud
1610 1356 2025 1412 praetermittendum
2057 1357 2121 1400 est
2152 1356 2384 1401 carminum
2419 1355 2680 1411 sollennium,

228 1431 382 1487 quibus
425 1430 490 1473 vel
522 1428 857 1485 splendidissima
887 1428 1086 1485 principis
1116 1428 1318 1472 virtutum
1355 1427 1571 1483 praeconia
1608 1428 1833 1480 mandavit,
1866 1441 1996 1473 unum
2026 1426 2286 1484 alterumque
2315 1436 2395 1473 non
2431 1441 2506 1473 sua
2535 1429 2682 1486 sponte
2768 1473 2772 1478 ,
2817 1482 2825 1493 ι
2848 1458 2865 1465 .⁷

226 1503 443 1559 scripsisse
473 1503 653 1558 poetam,
686 1500 758 1544 sed
788 1501 856 1544 vel
888 1500 1142 1544 Maecenatis
1172 1500 1367 1544 mandatu
1398 1500 1661 1556 impulsuque
1698 1500 1764 1544 vel
1792 1500 1990 1557 principis
2019 1501 2182 1558 rogatu,
2219 1500 2287 1544 cui
2305 1501 2465 1557 petenti
2484 1491 2606 1547 homo
2626 1501 2682 1547 ad

230 1588 412 1633 unguem
453 1574 587 1617 factus
619 1571 914 1628 nonnunquam
955 1585 1114 1617 morem
1153 1572 1330 1629 gessit.⁴)
1392 1571 1511 1615 Licet
1551 1572 1681 1628 igitur
1718 1573 1902 1617 multum
1933 1586 1982 1617 ac
2013 1586 2133 1629 saepe
2172 1572 2414 1630 Augustum
2450 1565 2683 1620 laudaverit

226 1650 356 1704 atque
394 1646 614 1698 ornaverit,
655 1658 702 1688 ex
744 1644 912 1700 scriptis
954 1646 1100 1701 poetae
1137 1644 1323 1689 concludi
1361 1645 1505 1701 nequit
1541 1644 1761 1701 antiquum
1799 1645 1951 1689 liberae
1989 1645 2047 1690 rei
2087 1645 2277 1701 publicae
2314 1647 2473 1690 statum
2511 1645 2613 1690 adeo
2643 1646 2681 1690 ei

227 1720 355 1764 fuisse
377 1719 483 1771 odio,
513 1720 563 1762 ut
583 1730 725 1762 omnes
747 1729 892 1761 nervos
913 1717 992 1761 sibi
1013 1716 1309 1761 contendendos
1330 1717 1595 1769 existimaret,
1628 1730 1678 1761 ne
1698 1717 1742 1761 in
1762 1717 1974 1775 integrum
1994 1718 2293 1763 restitueretur.

245 1779 248 1782 Δ
445 1790 544 1835 Alia
571 1803 734 1846 quoque
763 1790 907 1833 contra
936 1789 1176 1834 Schulzium
1203 1790 1373 1846 possunt
1402 1789 1586 1845 proferri.
1634 1789 1878 1833 Arbitratur
1906 1790 2028 1843 enim,
2058 1803 2138 1846 quo
2170 1791 2354 1847 tempore
2386 1804 2551 1834 carmen
2579 1791 2680 1835 scri-

228 1865 359 1922 pserit
388 1864 601 1916 Horatius,
642 1875 722 1906 non
753 1875 874 1918 posse
904 1875 980 1918 pro
1012 1863 1123 1906 certo
1153 1861 1360 1905 affirmari.
1425 1861 1486 1906 At
1522 1862 1565 1905 id
1602 1862 1771 1906 minime
1809 1862 1983 1907 dubium
2025 1864 2107 1915 est,
2148 1863 2246 1919 quin
2276 1865 2372 1907 ante
2410 1877 2448 1907 a.
2483 1866 2568 1908 727
2601 1877 2681 1908 non

228 1936 428 1994 prodierit
448 1936 490 1979 in
511 1936 660 1979 lucem.
696 1934 838 1987 Mitto,
862 1934 973 1990 quod
994 1935 1087 1978 tum
1107 1934 1191 1977 iam
1207 1947 1284 1978 non
1305 1934 1396 1986 fuit,
1420 1947 1494 1977 cur
1514 1934 1712 1978 Horatius
1733 1934 2010 1990 pacificatorio
2031 1934 2210 1990 quodam
2231 1948 2398 1979 munere
2418 1935 2679 1992 fungeretur;

227 2010 275 2054 at
295 2010 337 2053 in
358 2009 436 2053 hoc
465 2007 671 2063 fungendo
706 2006 742 2049 si
774 2005 875 2062 quid
905 2006 1101 2061 proficere
1121 2006 1269 2058 vellet,
1301 2019 1379 2049 non
1401 2005 1607 2062 ambigue,
1640 2006 1712 2048 sed
1735 2006 1883 2061 >aperte
1914 2007 1951 2049 ei
1972 2006 2097 2050 fuisse
2129 2006 2361 2058 dicendum,
2400 2007 2492 2062 quis
2522 2009 2680 2064 neget?

230 2081 341 2125 Illud
380 2080 446 2123 vel
484 2079 664 2123 maxime
707 2090 848 2134 urge0,
892 2077 1003 2132 quod
1042 2076 1136 2120 Seh.
1180 2079 1315 2121 censet
1350 2077 1587 2131 Horatium,
1627 2077 1700 2120 ubi
1737 2077 1941 2121 audiverit
1982 2074 2226 2136 Augustum
2267 2078 2484 2133 consilium
2525 2080 2681 2135 cepisse

230 2152 504 2211 magistratus
537 2149 779 2206 deponendi,
812 2149 890 2193 hoc
923 2162 1086 2193 carmen
1119 2150 1403 2206 composuisse,
1436 2151 1484 2194 ut
1512 2149 1741 2207 principem
1770 2151 1917 2203 oraret,
1954 2163 2004 2194 ne
2034 2150 2215 2207 patriam
2245 2151 2389 2196 orbam
2419 2151 2679 2208 relinqueret.

229 2224 308 2271 Oui
338 2225 447 2269 enim
477 2236 559 2268 non
590 2221 784 2267 auditum
815 2223 880 2266 est
900 2221 1126 2276 Octaviano
1155 2234 1301 2267 nomen
1322 2222 1512 2279 Augusto
1541 2222 1722 2267 inditum
1753 2227 1854 2276 esse,
1887 2235 1967 2279 quo
1989 2223 2152 2268 nomine
2181 2223 2372 2280 princeps
2408 2222 2451 2268 in
2481 2224 2559 2269 hoc
2590 2237 2680 2268 car-

229 2298 341 2342 mine
371 2297 617 2354 appellatur,
650 2296 876 2352 postquam
906 2295 949 2337 iu
980 2295 1125 2337 senatu
1156 2294 1367 2338 simulavit
1396 2295 1502 2338 velle
1532 2307 1621 2339 sese
1648 2295 1900 2353 magistratu
1929 2295 2043 2339 abire
2073 2297 2117 2339 et
2145 2296 2189 2339 in
2209 2295 2296 2339 otia
2314 2298 2409 2340 tuta
2422 2296 2609 2342 recedere
2617 2299 2678 2351 θ’)

232 2370 325 2414 Nisi
357 2382 405 2413 ea
435 2382 490 2422 re,
523 2367 634 2425 qnod
675 2368 799 2423 poeta
828 2366 1057 2422 principem
1091 2365 1328 2423 Augustum
1366 2367 1563 2423 appellat,
1601 2367 1912 2423 prohiberemur
1940 2368 2124 2412 statuere
2154 2370 2249 2413 ante
2279 2382 2317 2412 a.
2359 2371 2383 2413 7
2388 2371 2444 2413 27
2477 2369 2681 2426 scriptum

230 2454 320 2485 eoee
352 2453 529 2493 carmen,
563 2438 694 2483 conici
724 2437 873 2482 liceret
903 2438 1083 2493 poetam,
1117 2449 1211 2481 cum
1242 2451 1267 2481 a
1288 2437 1526 2482 Maecenate
1556 2438 1783 2482 audivisset
1811 2438 1939 2483 malle
1966 2439 2196 2496 principem
2231 2441 2359 2484 otiose
2389 2440 2525 2484 vivere
2553 2454 2680 2498 quam

232 2513 385 2557 molem
416 2511 580 2569 imperii
617 2510 834 2562 sustinere,
868 2509 927 2552 rei
967 2508 1158 2564 publicae
1188 2510 1315 2553 saluti
1352 2515 1599 2567 magnopere
1639 2510 1857 2555 timentem
1888 2510 2077 2555 omnibus
2107 2511 2297 2568 precibus
2327 2512 2381 2556 ab
2410 2512 2484 2556 illo
2514 2513 2684 2569 petisse,-

234 2586 283 2628 ut
312 2585 437 2628 fatale
466 2583 573 2629 illud
603 2583 897 2637 funestumque
918 2580 1138 2625 consilium
1168 2581 1358 2627 abiceret.
1422 2582 1699 2639 Quamquam,
1736 2583 1772 2627 si
1792 2581 2010 2628 Maecenas
2030 2584 2120 2628 tam
2150 2596 2270 2628 verus
2301 2597 2351 2628 ac
2379 2584 2562 2630 sincerus
2592 2587 2682 2630 erat

231 2656 406 2710 amicus,
428 2656 477 2700 ut
496 2655 671 2700 Horatio
692 2653 1047 2711 locupletissimus
1076 2654 1220 2697 auctor
1238 2653 1367 2699 videri
1387 2654 1563 2699 debebat
1582 2667 1724 2699 earum
1746 2667 1897 2709 rerum,
1929 2668 2035 2712 quae
2054 2655 2109 2699 ab
2129 2655 2324 2714 Augusto
2344 2656 2679 2711 instituebantur,

233 2728 372 2772 nescio
412 2741 464 2771 an
501 2740 619 2772 nemo
649 2726 802 2771 melius
843 2738 971 2782 quam
1003 2725 1202 2770 Horatius
1230 2726 1411 2782 potuerit
1442 2736 1683 2784 cognoscere
1724 2739 1867 2772 omnes
1896 2728 2000 2772 istos
2038 2740 2224 2772 rumores
2264 2741 2398 2773 meras
2430 2742 2519 2774 esse
2548 2728 2680 2788 nugas

455 2885 483 2928 ¹)
507 2883 589 2920 LII.
616 2884 638 2919 2
663 2893 743 2929 sqq.
770 2902 815 2908 -
842 2882 870 2929 ²)
899 2882 943 2918 cs.
972 2892 1064 2928 quae
1089 2880 1383 2919 Funkhaenelius
1409 2882 1557 2928 scripsit
1587 2881 1632 2918 de
1665 2893 1694 2919 c.
1729 2881 1781 2919 11.
1815 2881 1851 2925 7.
1876 2882 2103 2929 (Zeitschrift
2133 2883 2192 2920 fiir
2225 2883 2291 2920 das
2317 2869 2550 2932 Gymasialw.
2587 2884 2678 2923 1851

192 2977 197 2981 .
234 2954 272 2992 p.
305 2944 396 2989 405)
422 2946 460 2979 et
484 2954 576 2990 quae
602 2954 670 2990 ego
697 2944 854 2981 disserui
880 2943 925 2980 de
951 2954 979 2979 c.
1006 2942 1037 2979 Ι.
1067 2941 1111 2978 12
1136 2940 1225 2978 ibid.
1255 2942 1355 2985 1867,
1380 2953 1417 2989 p.
1442 2941 1533 2985 6152
1559 2942 1631 2979 vid.
1658 2944 1849 2989 praetem
1874 2941 2043 2980 Teuffelii
2068 2945 2313 2987 commentat„
2342 2954 2449 2991 ‘lnam
2474 2944 2680 2991 inscripsit:

233 3002 384 3046 „Ueber
407 3003 548 3040 Hom·-
575 3014 610 3049 p.
638 3003 659 3040 5
686 3005 724 3039 et
747 3014 782 3051 p.
809 3003 867 3046 36,
894 3002 958 3039 ubi
985 3002 1073 3049 quid
1099 3001 1189 3039 Otto
1215 3001 1367 3040 Iahnius
1393 3002 1462 3039 bac
1487 3001 1532 3038 de
1558 3013 1596 3039 re
1613 3003 1779 3046 senserit,
1806 3002 1978 3050 cognosci
2002 3002 2103 3039 licet.
2464 3035 2468 3038 Α

453 3076 483 3119 ³)
509 3074 607 3111 Cass.
634 3075 707 3111 Dio
732 3074 828 3111 LVI.
854 3075 919 3119 435
946 3073 1395 3121 Hoeck1.1.1.p.397.

451 3147 481 3192 4)
507 3145 700 3193 Ingeniose
725 3146 856 3183 scribit
871 3146 1090 3184 Tsuffeliuu.
1116 3145 1209 3189 „Wo
1235 3145 1352 3183 Horas
1377 3147 1571 3194 positiven,
1598 3146 1827 3194 dringeuden
1843 3146 2161 3194 Auffordmngen
2186 3147 2285 3184 sich
2292 3147 2397 3184 nicht
2422 3158 2465 3183 zu
2490 3144 2681 3183 entsieben

228 3206 460 3248 vermoohte,
486 3205 535 3243 da
558 3205 657 3243 flihlt
680 3206 759 3244 sich
784 3206 844 3244 die
869 3210 1016 3244 auxere
1042 3205 1266 3253 Nothigung
1290 3206 1328 3243 iu
1352 3207 1418 3244 der
1442 3206 1611 3254 Haltung
1635 3206 1700 3244 des
1725 3204 1976 3244 betreffenden
2004 3206 2203 3244 Gediehtes
2227 3206 2315 3243 sehr
2339 3205 2502 3243 deutlich
2528 3204 2680 3243 durcb.“

230 3265 585 3308 otocharum-z,
612 3276 648 3314 p.
680 3267 712 3303 5.

452 3325 642 3373 ⁸)vid..p
669 3326 851 3363 9not..5
