2920 3717
0 3625 15 3638 Ιι
36 3631 47 3638 ‚v
68 3626 70 3628 ’

0 3649 51 3683 *531*

0 3674 77 3717 &Hk
87 3692 89 3694 ·

1434 166 1493 210 25

168 300 170 302 ’
212 332 216 336 .
226 267 464 354 m
488 274 724 357 oniasque*
747 299 889 359 pantes
928 297 1063 340 terrae
1102 296 1180 339 sub
1228 295 1431 340 dicionem
1467 298 1797 352 potestatemque
1836 310 1953 341 suam
1989 297 2229 355 subiungat,
2238 299 2270 350 ¹)
2312 297 2362 340 ut
2398 295 2684 352 frugalitatem

244 372 662 435 temperantiamque
672 369 852 420 retineat
880 360 1183 423 consavetque.
1188 370 1221 418 2)
1286 367 1403 412 Haec
1439 381 1535 411 cum
1575 368 1695 416 deam
1731 368 1890 415 inducit
1929 370 2102 414 orationi
2140 369 2404 420 inserentem,
2442 367 2552 411 cives
2582 381 2681 412 suos

248 447 402 500 mt,
418 456 487 491 ne
499 443 571 493 ‘in
579 437 958 498 expugnationibus
977 437 1153 483 urbium
1182 438 1407 495 finiumque
1441 439 1667 495 prolatione
1696 439 1818 485 nimis
1838 440 1997 485 ardenti
2025 441 2110 487 sint
2127 440 2329 492 avaritia3
2361 451 2459 484 nam
2488 438 2581 483 auri
2611 439 2683 484 siti

248 519 489 578 hupertuaa
506 515 706 569 fameque
736 522 878 556 omnes
897 509 1097 554 libidines
1127 511 1171 554 et
1200 510 1369 555 excitari
1397 513 1441 555 et
1470 512 1623 568 augeri,
1653 523 1788 555 mores
1807 511 1933 556 bonos
1962 513 2053 557 tolli
2083 513 2345 569 pau-iamque
2374 512 2417 555 in
2448 510 2681 567 pericnlum

170 578 179 584 “
248 602 302 635 ae
314 586 548 638 discrimen
582 582 720 628 vocari
757 581 811 626 ad
851 580 1146 638 interitumque
1181 595 1311 626 ruere.
1373 582 1468 627 Non
1506 583 1614 627 enim
1654 583 1785 627 nescit
1824 585 1956 640 poeta,
1995 585 2093 641 quid
2130 584 2307 630 maxime
2345 596 2433 628 rem
2468 582 2683 640 publicam

203 684 206 688 ·
248 657 489 709 infirmarit,
528 654 771 712 perculerit,
812 651 1096 706 labetactarit,
1145 666 1271 710 quare
1316 654 1503 710 quamvis
1540 655 1783 699 facultatem
1820 656 1964 712 arripit
2001 657 2108 701 cives
2145 656 2409 710 admonendi,
2454 657 2505 700 ut
2549 655 2684 699 amori

250 729 448 775 scelerato
477 725 655 771 habendi
684 725 856 770 iniciant
882 724 1028 771 fienos.
1061 763 1064 766 .
1090 726 1211 770 Hanc
1239 726 1451 782 stropham
1480 727 1751 771 Horatianam
1781 739 1868 771 esse
1903 741 1980 772 non
2016 729 2274 782 infitiabitur,
2312 730 2386 785 qui
2417 728 2518 785 quid
2557 728 2684 784 poeta

251 800 303 844 de'
320 810 422 844 auro
451 798 502 842 ut
530 797 1018 841 malorumirritamento
1046 796 1262 850 iudicet,³)
1292 810 1373 841 non
1402 798 1583 854 ignorat;
1616 798 1658 841 in
1688 798 1766 842 hoc
1796 799 1969 843 carmine
1998 800 2113 844 illam
2144 801 2281 844 locum
2312 800 2482 853 habere,
2522 799 2558 843 si
2588 798 2684 856 quis

250 870 494 929 probaverit,
527 882 632 926 quae
661 882 738 926 ego
767 869 965 914 hactenus
996 870 1174 926 exposui,
1205 870 1325 914 facile
1355 870 1561 915 concedet.
1624 870 1736 915 Hlud
1766 883 1859 914 vero
1897 871 2075 916 dubitari
2110 874 2261 928 potest,
2303 875 2447 916 utrum
2483 885 2559 916 suo
2589 872 2683 915 loco

249 943 415 1000 legatur
444 954 496 986 an
527 941 673 985 alieno.
736 941 831 985 Non
862 940 1023 995 desunt,
1056 941 1127 998 qui
1156 941 1223 985 vel
1242 941 1418 986 maxime
1448 942 1555 995 inde,
1588 941 1696 998 quod
1735 942 1812 986 hac
1832 943 1997 999 stropha
2032 944 2130 989 fines
2160 944 2322 1001 imperii
2353 943 2529 989 Romani
2561 942 2681 1000 quasi

468 1075 495 1116 1)
522 1071 612 1109 eum
636 1072 805 1108 Bentleio
830 1072 915 1118 lego
938 1048 978 1108 in
1001 1082 1035 1121 v.
1060 1072 1113 1117 54,
1132 1073 1276 1118 tangat.
1326 1071 1427 1116 Quae
1458 1076 1585 1108 contra
1616 1073 1708 1109 hanc
1740 1072 1931 1109 lectionem
1956 1074 2097 1119 prolata
2125 1077 2221 1117 sunt,
2247 1074 2350 1110 nullo
2377 1077 2486 1119 pacto
2515 1074 2679 1110 Bentleii

251 1133 455 1193 opinionem
481 1134 546 1169 aut
569 1128 792 1169 labefactare
818 1134 884 1169 aut
906 1131 1049 1169 elevare
1073 1133 1283 1178 potuerunt.

465 1205 493 1251 ²)
519 1198 710 1247 Modestia,
741 1202 955 1251 frugalitas,
977 1203 1216 1240 >continentia
1251 1203 1384 1240 aetatis
1417 1204 1612 1241 Romuleae
1643 1215 1716 1240 non
1748 1215 1828 1241 raro
1854 1205 2046 1251 opponitur
2089 1206 2255 1243 effusioni
2295 1206 2533 1252 luxuriaeque
2547 1231 2558 1249 ,
2585 1216 2678 1252 quae

249 1264 411 1311 Augusti
426 1263 653 1310 temporibus
671 1264 731 1308 (cf.
748 1262 990 1300 Friedlander
1005 1262 1075 1300 ΠΙ.
1092 1264 1151 1309 17)
1170 1263 1275 1309 quasi
1291 1263 1407 1311 pestis
1420 1265 1535 1300 totam
1553 1264 1740 1300 civitatem
1757 1267 1965 1311 corruperat
1981 1268 2019 1301 et
2035 1276 2187 1312 corpora
2199 1266 2413 1312 animosque
2427 1268 2675 1302 enervaverat.

251 1324 297 1362 cf.
331 1323 421 1361 Hor.
460 1335 489 1361 c.
519 1323 568 1360 11.
597 1324 660 1368 15;
693 1322 799 1360 Ovid.
824 1323 925 1360 Fast.
963 1323 993 1360 Ι.
1030 1324 1109 1367 195,
1143 1323 1223 1360 Art.
1253 1323 1334 1360 Am.
1366 1323 1395 1360 I.
1431 1325 1507 1367 101,
1539 1323 1605 1360 ΠΙ.
1635 1324 1723 1368 113;
1748 1323 1826 1360 fib.
1858 1324 1887 1360 I.
1923 1326 1982 1368 1ος
2014 1326 2119 1372 Prop.
2152 1326 2195 1362 V.
2232 1328 2262 1362 1.
2295 1337 2327 1362 v.
2365 1326 2476 1362 etiam
2508 1326 2679 1373 Zingerle

249 1384 335 1422 fasc.
361 1384 392 1421 Ι.
418 1396 453 1432 p.
490 1384 569 1421 122.

465 1459 495 1501 ³)
520 1456 702 1501 Quantam
738 1456 810 1491 vim
845 1466 972 1492 aurum
1005 1454 1140 1491 habere
1165 1455 1213 1492 ad
1228 1455 1414 1492 hominum
1439 1467 1555 1492 mores
1580 1455 1794 1504 perdendos,
1821 1456 1867 1492 ad
1884 1456 2048 1493 civitates
2074 1457 2286 1494 evertendas
2311 1458 2488 1495 Horatius
2513 1457 2677 1495 Lucretii

249 1516 465 1563 plerumque
506 1516 673 1554 addictus
708 1516 902 1553 sententiis
943 1516 1135 1559 censuerit,
1174 1516 1343 1562 exposuit
1375 1516 1567 1553 Reisacker
1607 1527 1643 1563 p.
1677 1517 1734 1559 20,
1769 1517 1814 1552 26
1847 1518 2156 1554 commentationis
2190 1529 2291 1555 suae:
2324 1518 2445 1555 Horaz
2476 1518 2514 1555 in
2539 1519 2679 1555 seinem

251 1576 482 1614 Verbaltniss
506 1589 550 1614 zu
573 1577 710 1614 Lucrez
735 1576 811 1613 und
834 1576 874 1612 in
898 1576 1017 1613 seiner
1041 1576 1474 1623 culturgeschichtlichen
1497 1577 1727 1624 Bedeutung.
1758 1576 1908 1613 Breslau
1948 1577 2047 1614 1873.
2073 1579 2136 1615 cfr.
2167 1582 2357 1626 praeterea
2381 1579 2677 1626 Weingaertneri

251 1636 296 1674 de
321 1637 472 1674 Horatii
496 1637 659 1674 Lucretii
684 1637 870 1674 imitatore
896 1636 1078 1673 dissertat.
1112 1647 1148 1683 p.
1177 1637 1221 1673 15
1246 1648 1346 1684 sqq.;
1372 1637 1527 1674 Teuffel:
1559 1637 1602 1674 R.
1634 1636 1675 1673 L.
1710 1648 1745 1683 p.
1771 1637 1851 1674 328.
1902 1636 1989 1673 Cum
2014 1649 2046 1674 V.
2072 1639 2119 1675 50
2152 1642 2189 1675 et
2212 1640 2256 1676 51
2284 1639 2439 1676 maxime
2465 1639 2677 1676 conferendi

251 1699 336 1734 sunt
361 1708 391 1734 c.
417 1697 481 1734 IV.
509 1698 579 1734 9.ss:
612 1724 1099 1734 .....................
1107 1696 1295 1733 abstinens

638 1757 816 1794 Ducentis
841 1757 889 1793 ad
917 1763 956 1793 se
981 1759 1112 1793 cuncta
1136 1757 1321 1802 pecuniae.

346 1827 375 1853 c.
402 1817 430 1852 Ι.
457 1817 551 1853 35.ae
560 1844 807 1852 ...........
840 1816 929 1862 quid
953 1816 1132 1853 intactum
1164 1816 1299 1853 nefasti

750 1876 967 1922 Liquimus?
992 1875 1098 1913 Unde
1122 1887 1269 1913 manum
1294 1877 1464 1913 iuventus

655 1961 758 1996 Metu
783 1960 931 1997 deorum
956 1961 1164 1997 continuit?
1189 1960 1321 2006 quibus

604 2047 606 2050 .
654 2020 825 2066 Pepercit
852 2020 951 2056 aris?

249 2080 292 2116 cf.
318 2079 426 2127 Prop.
452 2080 516 2115 IV.
544 2080 646 2130 1247.

463 2139 601 2175 Similis
628 2140 812 2176 sententia
836 2142 949 2185 atque
974 2140 1012 2175 in
1038 2151 1071 2175 v.
1096 2141 1143 2176 49
1169 2142 1207 2176 et
1232 2140 1279 2175 50
1304 2140 1462 2176 occurrit
1487 2140 1596 2176 etiam
1622 2140 1720 2185 apud
1745 2139 1847 2176 Ovid.
1873 2140 1971 2176 Fast.
2001 2140 2062 2175 IV.
2088 2141 2167 2176 405.

965 2199 1037 2235 Aes
1063 2202 1143 2236 erat
1167 2199 1205 2235 in
1230 2199 1369 2247 pretio;
1395 2198 1587 2247 chalybeia
1610 2210 1730 2236 massa
1760 2199 1909 2236 latebat.

1059 2260 1180 2297 Eheu!
1229 2262 1407 2306 perpetuo
1433 2259 1559 2296 debuit
1589 2260 1654 2297 illa
1682 2260 1770 2306 tegi.

461 2319 506 2356 Ιιι
531 2331 563 2356 v.
589 2320 637 2356 49
665 2320 814 2357 haerere
839 2331 897 2356 me
921 2320 1097 2362 confiteor
1120 2320 1160 2357 in
1176 2319 1287 2357 verbo
1315 2320 1590 2366 „irrepertumf‘
1641 2320 1725 2357 Non
1750 2320 1883 2356 iniuria
1908 2320 2143 2367 „irrepertum
2153 2348 2350 2357 .........
2383 2321 2501 2357 celat·
2521 2326 2675 2359 vocatur

248 2392 271 2417 a
293 2380 440 2417 Prienio
467 2381 512 2426 (ν.
539 2381 664 2427 supra)
692 2380 973 2423 „flirchterliche
1005 2381 1256 2428 Tautologie.‘⁶
1283 2380 1441 2417 Multum
1473 2380 1607 2426 dinque
1641 2380 1883 2417 consideranti
1916 2380 2005 2416 mihi
2039 2381 2152 2417 omnis
2179 2380 2373 2417 difficultas
2403 2381 2487 2417 tolli
2513 2381 2673 2426 videtur,

247 2440 278 2475 si
302 2440 358 2477 ita
381 2440 456 2486 legi
481 2440 642 2486 placeat:

674 2500 813 2537 Aurum
836 2502 1021 2546 repertum
1046 2520 1092 2527 —
1118 2502 1157 2537 at
1182 2501 1233 2537 sic
1257 2500 1387 2537 melius
1412 2500 1539 2547 situm,

677 2560 766 2598 Cum
791 2563 891 2597 terra
914 2560 1033 2597 celat·
1042 2581 1085 2587 —

461 2620 540 2657 Hac
564 2620 721 2657 lectione
746 2631 818 2657 non
844 2620 961 2657 solum
984 2620 1126 2657 tumida
1149 2620 1216 2657 illa
1232 2620 1449 2667 tautologia,
1467 2631 1573 2667 quam
1599 2623 1740 2662 vocant,
1767 2622 1958 2662 emovetur,
1993 2618 2055 2654 sed
2081 2618 2194 2654 artius
2219 2619 2371 2664 stropha
2398 2619 2441 2655 13
2466 2622 2672 2659 conectitur

247 2692 327 2718 cum
351 2680 602 2729 praecedente.
652 2680 761 2717 Facit
785 2680 881 2717 enim
905 2682 1026 2729 poeta,
1053 2681 1085 2716 si
1109 2692 1167 2717 me
1192 2680 1308 2723 audis,
1335 2680 1441 2717 deam
1466 2682 1654 2727 optantem
1680 2682 1790 2727 atque
1814 2682 2029 2723 monentem,
2053 2680 2096 2714 ut
2119 2678 2275 2724 populus
2300 2679 2495 2723 Romanus,
2524 2692 2671 2728 quoquo

246 2751 347 2778 arma
370 2741 537 2777 victricia
553 2741 712 2782 tulisset,
738 2743 922 2787 repertum
940 2749 1080 2784 aurum,
1096 2740 1203 2786 *quod
1219 2743 1262 2777 ut
1276 2741 1588 2787 importunissima
1604 2741 1793 2777 civitatum
1816 2740 1930 2786 pestis
1954 2739 2081 2775 melius
2105 2738 2144 2774 in
2160 2741 2259 2774 terra
2291 2738 2459 2776 abditum
2483 2741 2670 2784 iacuisset,

247 2800 381 2838 fortius
414 2802 525 2847 atque
549 2800 777 2837 constantius
812 2799 992 2848 despiciat
1025 2811 1132 2847 quam
1163 2803 1354 2837 convertat
1384 2800 1630 2846 conficiatque.
1681 2799 1828 2837 Maioris
1858 2801 1915 2835 est
1947 2798 2040 2835 enim
2068 2797 2294 2835 fortitudinis
2327 2810 2414 2846 opes
2439 2803 2672 2839 contemnere

246 2871 354 2908 quam
379 2871 520 2897 summa
545 2860 774 2899 contentione
808 2871 1028 2907 comparare.
1077 2860 1162 2897 Non
1196 2860 1300 2897 iubet
1332 2860 1400 2897 dea
1432 2860 1606 2907 populum
1631 2860 1829 2897 Romanum
1862 2861 2024 2905 repertos
2057 2858 2246 2895 thesauros
2271 2858 2430 2896 intactos
2463 2860 2671 2908 relinquere

244 2921 486 2968 ingentesque
518 2931 665 2958 acervos
698 2921 802 2958 oculo
838 2921 1011 2958 irretorto
1048 2923 1224 2969 spectare,
1265 2921 1330 2958 sed
1371 2921 1451 2958 auri
1481 2920 1675 2967 cupiditati
1706 2920 1821 2967 magis
1854 2919 2029 2966 imperare
2063 2929 2171 2964 quam
2206 2919 2352 2956 servire.
2418 2919 2510 2957 Cum
2547 2921 2670 2958 verbis

245 2992 441 3029 „spernere
466 2980 596 3019 fortior
621 2993 729 3029 quam
754 2986 908 3029 cogere“
933 2981 977 3019 cf.
1008 2981 1096 3019 Aen.
1123 2981 1225 3019 VIII.
1251 2982 1323 3020 364
1348 2984 1386 3019 et
1411 2980 1484 3019 Cic.
1511 2981 1569 3018 off.
1596 2981 1627 3018 Ι.
1653 2982 1740 3018 5.ιἰ.
1755 3009 1763 3017 .
1778 3009 1786 3016 .
1802 3009 1809 3016 .
1825 3009 1856 3016 ..
1897 2982 1959 3022 „et
1988 2979 2098 3016 animi
2131 2979 2346 3017 excellentia
2378 2982 2671 3029 magnitudoque

232 3054 326 3089 ‚cum
358 3034 397 3079 in
430 3042 607 3089 augendis
644 3042 773 3089 opibus
804 3041 1101 3088 utilitatibusque
1134 3044 1173 3078 et
1204 3042 1275 3078 sibi
1307 3045 1346 3079 et
1377 3042 1452 3078 suis
1490 3041 1739 3087 comparandis
1765 3042 1841 3076 tum
1872 3039 1986 3075 multo
2011 3039 2128 3085 magis
2162 3039 2200 3074 in
2225 3039 2281 3074 his
2307 3039 2398 3085 ipsis
2425 3040 2671 3087 despiciendis

245 3102 423 3140 eluceatfl
472 3101 524 3139 Ut
548 3104 780 3149 „repertum“
806 3101 1004 3149 genuinam
1033 3101 1227 3139 lectionem
1252 3102 1464 3145 existimem,
1490 3101 1557 3138 hac
1582 3112 1723 3147 quoque
1755 3110 1793 3136 re
1818 3098 1996 3144 impellor,
2021 3098 2118 3145 quod
2143 3098 2240 3145 apud
2264 3099 2478 3146 Lucretium
2503 3101 2546 3137 V.
2576 3103 2670 3139 1113

246 3162 305 3208 (cf.
333 3173 426 3209 quae
450 3162 579 3199 scribit
602 3162 795 3199 Lucretius
812 3162 897 3199 inde
923 3173 945 3198 a
968 3163 1138 3207 v.1103)
1163 3164 1285 3198 exstat
1308 3172 1529 3207 „aurumque
1557 3163 1775 3218 repertumf‘
1822 3158 1900 3194 Hac
1925 3158 2081 3204 denique
2105 3159 2261 3195 lectione
2286 3160 2409 3202 etiam,
2436 3172 2530 3206 quae
2517 3161 2672 3198 Peerl-

243 3221 399 3282 kampus
423 3222 598 3269 protulit,
633 3221 852 3259 refutantur.
901 3221 993 3258 Eum
1026 3222 1171 3258 omnino
1205 3233 1277 3258 non
1302 3222 1536 3269 perspexisse,
1572 3231 1664 3267 quae
1689 3221 1785 3256 esset
1812 3217 2001 3254 verborum
2026 3220 2210 3255 structura
2234 3219 2272 3254 in
2298 3219 2355 3255 his
2381 3220 2557 3264 versibus,
2584 3222 2672 3259 inde

243 3275 359 3328 patet,
386 3281 483 3328 quod
512 3281 621 3318 dicit.
646 3281 851 3329 „quomodo
883 3281 1017 3328 aliquis
1050 3281 1201 3328 spernit,
1237 3281 1334 3328 qnod
1366 3281 1581 3329 irrepertum
1607 3282 1646 3318 et
1670 3278 1734 3315 sub
1767 3281 1866 3315 terra
1899 3278 2054 3315 celatum
2088 3281 2153 3322 est,
2188 3278 2285 3325 quod
2315 3290 2387 3316 non
2413 3279 2538 3327 habet,
2573 3282 2672 3328 quod

243 3351 317 3379 non
340 3341 498 3379 novit?“

2430 3415 2453 3449 4
