2920 3717
380 426 470 483 ’,κ’-,ι
501 412 608 481 curs?
627 431 829 478 mus
864 432 966 474 tam
991 429 1163 472 obscure
1201 430 1372 483 tamque
1406 429 1590 472 contorte
1629 429 1796 479 dixerit,
1834 441 1958 483 quam
1993 392 2272 484 quaestionem
2310 430 2407 474 Sch.
2445 429 2610 473 omnino
2651 442 2731 474 non

286 506 458 577 'Q
475 503 787 560 murgam
821 500 1002 557 exponit,
1040 499 1113 556 qui
1142 500 1193 543 ut
1221 497 1403 543 Schnlzii
1442 499 1819 555 interpretationem
1855 513 1906 543 ne
1937 501 2056 544 verbo
2085 502 2254 557 quidem
2284 500 2638 552 commemoravit,
2670 500 2732 544 ita

198 583 209 591 ··
244 606 267 629 .s·
294 556 468 630 radam
480 576 533 620 in
550 567 636 619 noc
647 573 832 618 eamme
861 571 973 617 idem
991 571 1129 615 valere
1146 570 1373 624 contendit,
1403 571 1512 627 quod
1531 571 1752 627 pristinum
1771 571 1831 615 rei
1851 572 2038 627 publicae
2057 563 2228 627 statum,
2259 586 2385 629 quem
2404 586 2455 617 ne
2475 573 2729 626 restitueret,

206 666 210 669 ·
293 631 522 710 piimnpem
552 645 818 689 vehementer
850 643 981 687 etiam
1011 643 1136 697 atque
1153 643 1284 686 etiam
1301 644 1471 686 moneri.
1533 643 1575 686 Is
1610 644 1741 700 igitur
1765 645 1901 686 censet
1932 644 2165 688 circuitione
2195 647 2239 689 et
2267 646 2456 689 anfi-astu
2487 658 2612 689 usum
2641 657 2733 689 esse

193 732 197 741 *
264 703 276 775 ’ἦ
292 717 531 771 Eum
562 715 674 771 quod
684 715 912 771 Angustus
932 713 1111 758 noluerit
1129 713 1357 759 interitum
1365 715 1488 770 atque
1508 728 1696 759 oceasum
1717 714 1869 758 liberae
1896 716 1954 759 rei
1974 716 2160 771 publicae
2180 717 2327 761 iactari
2346 718 2471 772 atque
2490 717 2727 762 memorari,

192 806 202 810 ·
255 791 270 827 Γ
285 777 442 836 *Rc-ne
470 800 565 833 vero
594 786 809 840 Horatius,
839 786 877 830 si
896 786 964 830 vel
993 798 1020 829 a
1035 785 1180 842 paucis
1209 785 1529 843 intellegebatur
1548 784 1693 831 Troiae
1713 786 1943 830 vocabulo
1932 800 1975 830 ιιι
1994 788 2069 831 hoc
2090 789 2267 832 carmine
2295 788 2521 845 significari
2552 789 2730 834 liberam

292 872 382 906 m
400 847 628 916 publicam,
660 858 705 901 id
725 858 835 911 fecit,
868 858 978 913 quod
995 857 1087 902 fieri
1106 858 1323 914 Augustus
1344 859 1583 914 gravissime
1602 860 1706 903 ferre
1726 859 1929 903 debebat?
1960 859 2068 913 Quid
2097 861 2206 916 quod
2224 862 2273 905 B.
2298 861 2509 905 existimat
2529 861 2727 906 facillime

292 934 394 978 tum>
415 923 615 983 homines,
648 929 751 985 quid
781 930 971 986 tingeret
1000 930 1123 985 poeta
1142 929 1220 974 hac
1239 929 1395 982 fabula,
1427 930 1625 974 sensisse?
1657 930 1776 985 Quod
1806 930 1913 974 unde
1933 931 2101 975 derivari
2132 933 2257 988 atque
2275 932 2366 975 erui
2385 933 2529 988 possit,
2562 932 2727 978 omnino

101 1025 162 1055 ς»,
292 1003 398 1049 nihil
416 1004 464 1047 B.
485 1002 618 1046 affert.
672 1001 745 1045 Sin
763 1003 906 1045 autem
941 1015 967 1045 a
996 1002 1192 1046 Romanis
1210 1014 1292 1045 non
1310 1004 1570 1058 perspectum
1590 1005 1653 1046 est
1672 1003 1801 1046 latere
1818 1003 1898 1046 sub
1918 1016 2014 1046 voce
2035 1004 2177 1047 Tmiae
2197 1004 2371 1048 liberam
2392 1018 2480 1048 rem
2500 1004 2724 1059 publicam,

97 1063 145 1106 Ψ
236 1099 239 1102 ·
293 1073 428 1120 surdis
458 1074 626 1118 auribus
657 1073 804 1117 cecinit
833 1073 1032 1117 Horatius
1062 1073 1260 1117 fabulam.
1278 1098 1339 1106 —
1356 1074 1418 1116 De
1448 1074 1595 1118 ultima
1624 1074 1793 1129 stropha
1823 1075 1922 1117 haec
1951 1077 2015 1117 est
2043 1076 2308 1132 Bambergeri
2344 1076 2569 1119 sententia.
2618 1075 2729 1125 „Der

95 1159 120 1204 ,ς
266 1176 269 1178 v
292 1145 463 1192 Schluss
493 1147 550 1190 ist
579 1131 790 1189 kunstlich
821 1145 904 1189 und
935 1145 1229 1196 kunstlen’sch3
1261 1158 1305 1189 er
1334 1145 1485 1190 konnte
1515 1147 1629 1189 mehr
1658 1158 1797 1203 sagen,
1829 1159 1944 1190 wenn
1975 1160 2017 1189 er
2046 1147 2202 1198 wollte;
2234 1147 2340 1191 doch
2371 1147 2578 1191 uberlasst
2608 1160 2653 1191 er
2678 1161 2727 1191 es

92 1216 120 1281 ᾖ]
204 1255 206 1257 .
292 1221 388 1265 dem
415 1219 542 1263 Leser
569 1218 923 1263 nachzudenkenst
988 1218 1080 1262 Hoc
1117 1219 1258 1262 autem
1296 1217 1485 1262 concesso
1515 1221 1655 1274 poetae
1691 1219 1816 1262 verba
1845 1231 1871 1262 a
1899 1220 2091 1263 Romanis
2121 1221 2181 1263 ita
2211 1221 2425 1264 intellecta
2455 1234 2555 1274 esse,
2598 1222 2648 1264 ιιι
2678 1221 2727 1265 Β.

103 1311 106 1315 ·
200 1335 207 1341 .
290 1291 518 1340 intellexit:
561 1291 696 1335 nescio
710 1324 721 1342 ‚
765 1290 865 1346 quid
902 1290 956 1333 ad
986 1303 1047 1343 ea,
1087 1302 1193 1346 qnae
1232 1291 1318 1334 iam
1347 1290 1400 1334 de
1430 1291 1541 1334 tristi
1570 1292 1627 1334 rei
1658 1291 1846 1347 publicae
1876 1291 2028 1334 liberae
2064 1292 2149 1335 fato
2180 1292 2364 1345 dixerat,
2405 1293 2503 1336 addi
2541 1294 2723 1348 potuerit

505 1363 643 1407 Multo
689 1363 823 1407 acrius
868 1363 1007 1406 autem
1030 1363 1321 1420 Bambergero
1359 1362 1568 1406 Pluessius
1605 1363 1786 1407 defendit
1826 1377 1988 1407 monere
2027 1366 2187 1420 poetam
2229 1364 2411 1408 oratione
2451 1365 2635 1416 Iunonis,
2674 1377 2726 1408 ne

289 1430 421 1480 libera
450 1448 515 1480 res
545 1435 713 1491 publica
749 1435 1048 1479 restitueretur.
1060 1436 1092 1491 ¹)
1152 1434 1297 1478 Troiae
1333 1434 1532 1479 vocabulo
1569 1436 1786 1491 pristinam
1823 1449 1911 1480 rem
1950 1436 2158 1492 publicam
2195 1437 2393 1481 declarari
2434 1450 2502 1480 eos
2544 1437 2726 1494 effugere

290 1521 370 1553 non
397 1520 530 1564 posse,
563 1507 635 1563 qui
664 1507 799 1552 sciant
828 1507 993 1552 nomine
1022 1506 1096 1550 illo
1127 1508 1219 1551 tum
1250 1506 1425 1552 liberam
1454 1520 1540 1552 rem
1568 1507 1778 1563 publicam
1814 1508 1947 1551 notari
1976 1508 2142 1551 solitam
2172 1521 2271 1552 esse.
2336 1508 2473 1562 Quam
2504 1510 2546 1552 et
2577 1509 2725 1553 Troiae

290 1582 333 1625 et
367 1580 497 1626 totius
519 1580 712 1624 carminis
733 1579 1113 1635 interpretationem
1134 1580 1177 1623 et
1196 1579 1466 1623 necessariam
1486 1593 1571 1623 esse
1592 1582 1634 1624 et
1655 1580 1884 1635 simplicem
1906 1582 1948 1624 et
1968 1583 2122 1624 rectam
2143 1594 2222 1636 quo
2243 1581 2393 1625 melius
2413 1581 2722 1638 intellegamus,

288 1654 338 1697 P.
372 1666 445 1697 nos
475 1652 594 1696 reicit
632 1652 685 1695 ad
725 1651 1112 1695 commentationem
1152 1651 1282 1699 illam.
1325 1664 1449 1707 quam
1489 1652 1712 1708 inscripsit:
1756 1640 1966 1705 „Wunder
2002 1653 2085 1696 und
2114 1653 2285 1696 Zeichen
2316 1653 2358 1696 in
2390 1652 2462 1697 der
2492 1654 2723 1698 romischen

289 1725 642 1782 chronologie.“²)
702 1724 768 1768 Ibi
797 1738 837 1780 p.
872 1724 959 1768 394
991 1724 1092 1767 haec
1123 1723 1308 1767 videmus
1339 1724 1515 1780 scripta:
1550 1724 1815 1776 „Deutlicher
1851 1724 1957 1767 kann
1997 1737 2090 1767 man
2122 1725 2208 1767 sich
2239 1725 2376 1768 diesen
2409 1725 2632 1781 Vergleich
2663 1749 2723 1757 —-

288 1797 470 1841 namlich
509 1797 573 1840 die
612 1796 966 1852 republikanische
987 1796 1243 1852 Verfassung
1272 1796 1355 1839 mit'
1382 1796 1475 1839 dem
1506 1796 1615 1839 alten
1643 1796 1765 1852 Troja
1794 1820 1854 1827 —
1884 1796 1997 1839 nicht
2026 1797 2251 1848 wunschen,
2284 1797 2347 1840 als
2377 1797 2453 1839 wie
2483 1797 2556 1841 ihn
2584 1798 2722 1841 Horaz

287 1870 330 1914 in
358 1870 436 1914 111.
467 1872 494 1914 3
522 1869 775 1913 anwendet.“
824 1869 902 1913 His
933 1869 1067 1913 verbis
1099 1868 1288 1924 equidem
1316 1868 1489 1914 indicari
1520 1868 1634 1912 video
1664 1868 1766 1914 alibi
1796 1868 2067 1912 obscuriorem
2098 1881 2184 1912 esse
2214 1869 2318 1912 hanc
2358 1870 2721 1925 comparationem.

288 1941 371 1987 Gur
400 1955 495 1987 vero
526 1955 575 1986 ex
606 1955 639 1986 c.
662 1942 740 1985 111.
765 1943 791 1986 3
813 1942 880 1985 vel
900 1940 1079 1985 maxime
1110 1943 1306 1997 appareat
1325 1940 1490 2002 Troiam
1518 1940 1624 1984 idem
1656 1942 1790 1985 valere
1820 1953 1868 1984 ac
1897 1941 2067 1984 liberam
2097 1954 2183 1984 rem
2213 1941 2461 1995 publicam³)
2493 1942 2600 1987 hanc
2634 1955 2722 1986 esse

249 2026 250 2029 ’
289 2027 455 2058 causam
485 2014 534 2057 P.
577 2011 807 2057 existimat:
855 2012 972 2065 „weil
1002 2013 1044 2055 in
1089 2012 1155 2056 die
1185 2013 1303 2056 sechs
1340 2025 1507 2068 grossen
1537 2012 1700 2068 Haupt·
1737 2012 1822 2055 und
1852 2012 2092 2055 Staatsoden
2130 2012 2244 2055 nicht
2279 2012 2369 2055 eine
2400 2013 2621 2070 Warnung
2650 2027 2724 2057 vor

291 2087 387 2130 dem
416 2085 740 2129 Wiederaufbau
771 2085 927 2140 Trojas,
960 2084 1058 2128 oder
1084 2097 1199 2127 wenn
1231 2097 1275 2128 so
1307 2086 1432 2128 etwas
1463 2084 1671 2136 dastande,
1703 2097 1775 2127 vor
1806 2084 1899 2127 dem
1925 2084 2156 2127 Leichtsinn
2187 2084 2271 2126 und
2302 2084 2374 2127 der
2401 2084 2723 2142 Wortbruchig-

286 2159 374 2203 keit
419 2157 493 2202 der
530 2157 727 2215 Trojaner
766 2156 1104 2214 bineinpasst.“⁴)
1171 2156 1291 2201 Hanc
1330 2156 1624 2201 conclusionem
1668 2156 1790 2201 nimis
1837 2155 2041 2212 spinosam
2088 2168 2173 2199 esse
2211 2168 2290 2199 non
2328 2155 2473 2200 dubito
2522 2157 2719 2213 profiteri.

286 2231 505 2276 Praeterea
545 2243 618 2274 cur
648 2230 865 2274 Pluessius
893 2243 941 2273 ex
979 2241 1148 2274 numero
1180 2228 1423 2282 carminum,
1463 2241 1565 2286 quae
1594 2229 1821 2285 inscripsit:
1885 2228 2134 2281 „Politische
2164 2227 2248 2273 und
2277 2228 2462 2272 sittliche
2492 2228 2631 2273 Ideale
2661 2230 2721 2275 im

194 2328 197 2331 >
285 2316 416 2347 neuen
436 2303 588 2348 Reiche
620 2303 690 2346 des
719 2303 966 2360 Augustus“
1000 2301 1299 2346 excludendum
1330 2303 1493 2345 censeat
1522 2314 1696 2354 carmen,
1728 2314 1808 2357 quo
1839 2301 1950 2344 haud
1978 2300 2098 2355 pauci
2127 2300 2271 2344 volunt
2300 2301 2457 2344 moneri
2497 2301 2719 2354 Romanos,

285 2389 336 2420 ne
356 2388 401 2420 se
419 2375 636 2431 inquinent
666 2387 714 2418 ac
734 2374 923 2430 polluant
938 2373 1169 2427 fraudibus,
1202 2373 1320 2427 dolis,
1350 2373 1518 2418 incestis
1537 2372 1717 2430 flagitiis,
1749 2385 1795 2417 eo
1824 2373 1959 2416 minus
1986 2372 2190 2428 intellego,
2229 2371 2339 2428 quod
2360 2373 2523 2416 sextum
2554 2385 2721 2418 carmen

284 2449 411 2505 negat
430 2459 529 2490 suae
550 2446 600 2489 de
620 2446 686 2490 his
708 2446 958 2490 carminibus
979 2445 1157 2501 opinioni
1187 2445 1457 2497 reclamitare‚
1488 2457 1736 2501 quamquam
1766 2444 1875 2487 haud
1896 2444 2063 2487 obscure
2094 2443 2311 2487 confitetur
2340 2445 2526 2498 spectare
2556 2447 2721 2489 sextum

286 2505 451 2564 carmen
480 2518 551 2562 ad‘
566 2518 720 2562 civium
739 2531 874 2562 mores
894 2517 1220 2571 emendandos.⁵)
1246 2544 1307 2551 —-
1328 2517 1552 2561 Videamus
1580 2529 1687 2569 vero,
1718 2528 1819 2560 num
1849 2515 1949 2559 alibi
1978 2514 2087 2571 apud
2115 2514 2337 2558 Horatium
2367 2514 2514 2559 Troiae
2544 2516 2611 2560 vel
2641 2516 2721 2561 Ilio

64 2595 67 2597 ’
285 2591 385 2637 haec
414 2591 479 2635 vis
500 2590 633 2635 subici
660 2590 806 2646 possit,
837 2602 964 2646 quam
981 2589 1033 2634 P.
1049 2589 1153 2634 huic
1173 2590 1265 2635 voci
1281 2589 1329 2634 in
1351 2602 1385 2635 c.
1407 2588 1484 2634 111.
1508 2590 1535 2634 3
1567 2587 1751 2633 subiecit.
1784 2587 1946 2633 Nititur
1975 2586 2084 2631 enim
2112 2586 2174 2630 vir
2204 2586 2349 2630 doctus
2379 2585 2508 2631 etiam
2539 2589 2720 2634 carmine

0 2644 71 2723 ἐξ,
123 2707 127 2712 ,
282 2662 462 2707 secundo
481 2661 581 2706 libri
599 2661 724 2718 primi
744 2663 794 2706 ut
812 2661 1076 2707 testimonio:
1097 2661 1245 2712 „Aucb
1261 2661 1353 2705 hier
1373 2661 1429 2706 ist
1447 2661 1515 2705 die
1535 2660 1688 2705 sichere
1708 2658 2054 2703 Weltheirschaft
2071 2658 2271 2715 geknupft
2301 2670 2353 2702 an
2384 2658 2451 2702 die
2471 2659 2721 2718 Bedzingmg

79 2732 105 2743 ’“
282 2736 358 2779 der
385 2734 706 2791 Unterwerfung
735 2735 858 2779 unter
887 2734 959 2778 die
985 2734 1243 2790 Monarchie3
1282 2734 1367 2778 und
1404 2734 1550 2778 ebenso
1589 2732 1725 2789 klingt
1754 2732 1843 2775 hier
1879 2732 1970 2776 laut
1998 2731 2070 2774 der
2102 2730 2290 2774 Vorwurf
2318 2731 2482 2785 heraus,
2525 2732 2621 2776 dass
2653 2732 2721 2777 die

281 2805 442 2864 Bnrger
472 2807 558 2851 sich
588 2806 761 2851 morden
791 2806 864 2851 uin
894 2806 1003 2851 eines
1034 2805 1225 2851 Scheines
1263 2806 1412 2860 willen,
1458 2806 1577 2849 unter
1616 2804 1710 2848 dem
1741 2804 1903 2848 Namen
1932 2802 2078 2847 Casars
2108 2802 2192 2845 und
2223 2802 2294 2846 der
2318 2804 2600 2860 troJanischen
2630 2805 2722 2849 Ab·

10 1694 31 1706 ι
0 1608 32 1654 ”r
0 1457 51 1601 54³3*ssAE
21 1442 26 1446 .

33 1654 54 1672 ..Σ
35 1600 59 1618 ..ζ
34 1586 47 1593 ·.
30 1557 48 1579 ‘LI
33 1522 62 1549 Ἅι
20 1435 68 1488 Ιθὲξίι

68 1494 76 1509 „-

440 2980 442 2982 “
500 2975 526 3020 ¹)
552 2957 753 3011 Politiacbe
783 2973 859 3013 md
888 2973 1056 3011 sittiiche
1076 2973 1203 3010 {doale
1235 2973 1285 3009 im
1308 2983 1426 3009 maen
1450 2971 1584 3008 Reiche
1615 2969 1681 3006 des
1709 2971 1910 3017 Angustus.
1941 2968 2013 3005 vid.
2047 2969 2165 3005 Jalms
2196 2968 2447 3006 Jahrb.1872
2472 2980 2508 3017 p.
2545 2971 2593 3008 67
2619 2982 2721 3018 sqq.;

222 3083 225 3085 q
264 3042 317 3082 p.
351 3033 399 3068 74
436 3032 572 3077 „heuto
608 3032 697 3070 aber
728 3033 903 3071 bedentet
939 3033 1051 3079 'stoja
1085 3032 1158 3070 den
1186 3032 1367 3069 hoino-en
1406 3031 1536 3068 Anlass
1573 3030 1636 3066 der
1673 3029 1952 3102 Burgerkriege,
1991 3027 2050 3064 die
2082 3030 2283 3065 vemtoete
2318 3028 2395 3066 alte
2427 3029 2613 3076 Republik
2649 3032 2722 3069 mit

284 3091 390 3129 ihren
412 3092 625 3130 Paneienf‘

496 3151 597 3199 ²)ef.
622 3152 905 3196 sahmi-hrt„
931 3152 1090 3199 ὤδῊρ.
1109 3152 1289 3199 aeosqq.

496 3212 527 3259 ⁸)
550 3222 587 3259 p.
622 3212 705 3250 38⁶.
754 3213 855 3257 „Das
886 3212 1010 3259 Troja-
1027 3212 1092 3248 der
1121 3211 1409 3259 kriegslnstigen
1443 3210 1609 3255 Quiriten
1639 3209 1723 3246 sind
1754 3208 1814 3245 die
1843 3211 1961 3255 gutna
1988 3208 2091 3245 alian
2113 3208 2243 3246 Zeiten
2268 3208 2333 3245 der
2356 3209 2564 3247 romischen
2589 3209 2721 3248 Stadt-

277 3268 425 3317 bangor,
451 3270 516 3309 die
538 3270 724 3318 Republik
747 3276 814 3309 vor
837 3271 904 3310 der
924 3266 1166 3309 mur-civ
1190 3292 1238 3298 —
1254 3275 1291 3316 θ)
1314 3270 1403 3308 ibid.

277 3330 1523 3378 1⁸),ssr6mi3keitundfflrbatkeitistdas'l'hema
1555 3329 1618 3366 der
1643 3329 1811 3367 sechsten
1836 3328 1938 3366 Ode“
1962 3340 1999 3376 p.
2025 3328 2105 3366 395.

2454 3401 2499 3437 2·
