2920 3717
1475 186 1531 228 22

262 324 370 370 quos
389 326 465 371 pro
485 313 647 374 generis
668 313 841 358 humani
860 315 1000 361 salute
1029 316 1216 376 adierant
1220 316 1270 373 ,¹)
1299 317 1344 359 et
1373 316 1538 360 tenaces
1569 317 1695 361 fuisse
1714 315 1915 375 propositi
1934 320 1980 363 et
2009 318 2154 370 iustos,
2184 317 2224 363 si
2243 317 2424 373 quidem,
2444 317 2528 372 qui
2546 313 2773 374 1ισπεεη

224 408 226 411 ·
263 394 315 428 ac
345 385 456 430 bona
485 387 733 442 sequuntur,
766 398 836 428 eos
865 385 931 429 fas
962 389 1028 430 est
1056 388 1131 431 εἰσ
1147 387 1359 438 nominari,
1392 389 1514 442 pauci
1544 390 1798 445 negaverint..
1860 390 1942 434 Sed
1971 390 2050 434 hac
2086 389 2302 450 implicata
2342 401 2391 433 ac
2430 389 2654 440 tortuosas
2668 389 2766 433 'ut

263 455 517 513 quibusdam
552 456 728 501 forsitan
757 456 963 512 videatur,
1001 458 1335 517 interpretatione
1364 458 1433 502 vix
1462 460 1528 503 est
1564 472 1680 517 opus.
1744 460 1900 505 Versus
1940 463 2054 507 1-8
2095 459 2279 506 efficiunt
2315 460 2400 506 late
2436 449 2718 516 splendentem

264 528 485 573 introitum
516 529 605 573 eius
636 529 710 582 rei,
744 543 828 586 qua
859 529 910 575 de
941 530 1130 575 dicturus
1160 532 1224 575 est
1252 531 1385 587 poeta.
1389 533 1424 583 2)
1486 531 1647 585 Quibus
1677 533 1864 578 versibus
1901 535 2121 590 postquam
2150 533 2349 589 exposuit,
2391 533 2602 596 quatenus
2621 543 2720 589 pto·

263 598 480 657 grediatur
510 612 654 645 eorum
683 600 835 656 virtus,
866 602 941 660 qui
971 602 1073 648 iusti
1102 603 1199 647 sunt
1228 613 1277 645 ac
1306 602 1469 646 tenaces
1499 604 1713 660 propositi,
1746 604 1881 649 dicere
1911 605 2070 662 pergit:
2101 606 2179 649 hac
2209 606 2298 650 arte
2327 606 2354 649 i.
2387 617 2422 649 e.
2452 604 2531 649 bac
2560 603 2717 649 ratione
2790 652 2795 658 ,
2866 589 2874 595 i
2899 586 2920 639 ſs

266 671 484 716 Pollucem
515 673 756 730 ceterosque
796 674 1002 728 effecisse,
1034 677 1084 718 ut
1113 675 1279 718 deorum
1310 675 1352 715 in
1382 676 1542 729 templa
1577 676 1885 730 reciperentur.v
1929 678 2010 720 His
2039 678 2232 721 heroibus
2261 678 2447 721 adiunxit
2475 677 2717 734 Augustum
2795 724 2802 733 ,

252 738 550 801 'praedicitque
588 759 700 814 eum,
741 747 815 790 ubi
844 746 978 790 vitam
1015 746 1210 803 posuerit,
1249 745 1402 789 eisdem
1441 747 1663 791 honoribus
1700 760 1788 792 esse
1826 760 1998 792 usurum
2036 748 2187 804 quibus
2229 749 2457 802 Pollucem,
2494 747 2717 794 Herculem

264 817 558 873 ceterosque.³)
601 818 758 875 Agitur
797 832 894 863 vero
936 819 979 862 in
1020 819 1097 862 hoc
1139 819 1314 862 carmine
1354 817 1441 861 solo
1473 818 1524 861 de
1554 819 1735 863 Romulo
1765 831 2001 875 versusque,
2044 820 2116 876 qui
2148 822 2247 865 sunt
2287 821 2339 865 de
2379 833 2440 875 eo,
2471 820 2718 878 Iunoniaque

488 950 514 993 ¹)
542 949 608 996 Ep.
637 949 686 985 ΙΙ.
718 952 778 985 1..7
1917 979 1921 982 .

485 1009 513 1055 ²)
541 1020 574 1043 v.
604 1010 672 1043 1—
676 1007 699 1044 8
726 1008 849 1045 nescio
874 1020 920 1045 an
947 1008 1023 1045 sint
1047 1007 1200 1055 putandi
1224 1006 1382 1044 imitatio
1409 1009 1540 1053 poetae
1559 1006 1700 1046 Graeci.
1752 991 1947 1046 Horatium
1973 1019 2055 1046 cum
2075 1009 2149 1047 alia
2165 1011 2372 1048 mutuatum
2403 1021 2482 1048 esse
2507 1021 2530 1048 a
2554 1010 2715 1054 Graecis,

265 1069 348 1104 tum
374 1077 469 1114 qnae
495 1068 598 1105 velut
623 1069 764 1106 lumina
789 1070 991 1106 carminum
1016 1070 1211 1106 collocaret
1234 1068 1272 1103 in
1292 1067 1471 1115 principio
1497 1068 1555 1103 vel
1581 1068 1619 1103 in
1644 1067 1765 1104 medio
1791 1068 1878 1103 vel‘
1866 1080 1905 1103 m
1923 1071 2083 1104 extremo
2101 1069 2273 1112 carmine,
2300 1071 2391 1106 satis
2408 1071 2635 1118 exploratum
2659 1073 2716 1107 est

264 1128 312 1164 cf.
341 1128 513 1166 Goebelii
530 1132 765 1166 commentat.
785 1129 831 1165 de
848 1129 1005 1165 Horatio
1022 1128 1206 1176 Euripidis
1223 1123 1406 1163 imitatore
1424 1127 1461 1163 Z.
1489 1127 1514 1163 f.
1540 1127 1575 1163 d.
1594 1128 1671 1165 (ἓν.
1699 1129 1789 1166 1851
1809 1140 1845 1174 p.
1864 1129 1952 1171 2983
1977 1128 2128 1166 Garckii
2154 1129 2346 1167 dissertat·
2366 1142 2459 1177 quae
2485 1130 2715 1169 inscribitur:

264 1188 442 1231 „Horafii
466 1189 629 1226 carmina
654 1190 853 1227 collatione
878 1190 1099 1236 scriptorum
1125 1188 1341 1226 Graecorum
1369 1188 1593 1226 illustrata.“
1619 1188 1726 1226 Halle
1756 1190 1868 1234 18603
1895 1188 2058 1227 eiusdem
2083 1189 2243 1227 auctoris
2268 1188 2452 1228 libellum:
2479 1190 2546 1237 Qu.
2572 1190 2718 1229 Horatii

263 1248 392 1286 Flacci
417 1260 527 1286 carm.
554 1249 618 1286 lib.
652 1250 682 1286 I.
710 1250 857 1287 collatis
895 1249 1102 1296 scriptorib.
1134 1249 1278 1286 Graecis
1303 1248 1482 1285 illustrati
1514 1249 1709 1295 specimen.
1760 1248 1869 1285 Halle
1904 1249 1995 1286 1853
2030 1260 2065 1297 p.
2093 1250 2126 1285 8.
2159 1250 2225 1292 21;
2253 1249 2422 1286 Theodor
2452 1251 2608 1319 Arnold:
2644 1251 2717 1287 Ab·

268 1309 464 1356 handlung
489 1309 580 1345 uber
605 1310 665 1346 die
691 1310 831 1357 griech.
858 1310 1013 1346 Studien
1045 1309 1107 1345 des
1131 1309 1258 1345 Horaz.
1307 1307 1416 1344 Halle
1451 1308 1687 1346 1855.1856.

487 1369 626 1406 Similis
653 1370 841 1406 sententia
867 1371 979 1416 atque
1011 1381 1065 1416 ea,
1098 1380 1188 1415 quae
1214 1369 1270 1404 his
1300 1370 1381 1404 octo
1415 1368 1582 1404 versibus
1615 1369 1804 1406 illustrata
1836 1371 1903 1412 est,
1938 1369 2096 1407 occurrit
2129 1368 2227 1416 apud
2259 1368 2454 1405 Platonem
2480 1370 2585 1417 Apol.
2619 1371 2717 1408 XVI.

266 1427 310 1464 Β.
336 1426 387 1465 ib.
414 1428 506 1471 XX..
535 1428 625 1466 Crit.
652 1429 716 1466 IX.
743 1429 809 1472 D.;
837 1428 911 1466 Cic.
938 1429 1071 1466 Parad.
1096 1428 1198 1475 V.l.
1224 1427 1295 1464 vid.
1326 1428 1438 1464 etiam
1463 1428 1551 1464 Hor.
1579 1428 1693 1464 Serm.
1719 1428 1769 1464 11.
1797 1430 1877 1465 738.

266 1487 375 1532 Quod
399 1491 547 1535 spectat
573 1489 620 1524 ad
647 1489 892 1525 elocutionem
918 1489 962 1526 cf.
991 1489 1073 1525 Sen.
1100 1488 1247 1535 Thyest.
1274 1488 1344 1524 290
1374 1499 1465 1533 sqq.‚
1493 1488 1630 1524 Phoen.
1657 1489 1704 1525 56
1739 1499 1829 1534 sqq„
1857 1487 1986 1535 Oedip.
2017 1489 2109 1525 1028
2134 1499 2225 1533 sqq„
2251 1488 2382 1534 Agam.
2417 1489 2498 1525 593.

998 1549 1130 1585 Nullus
1155 1548 1250 1585 hunc
1276 1550 1393 1584 terror
1419 1559 1484 1584 nec
1511 1548 1693 1596 impotens

994 1608 1164 1646 Procella
1188 1608 1370 1645 Fortunae
1404 1611 1526 1644 movet
1728 1601 1730 1603 ’

993 1669 1069 1704 Aut
1094 1668 1209 1714 iniqui
1235 1667 1378 1704 flamma
1411 1668 1600 1710 Tonantis,

1001 1756 1223 1765 ..........
1256 1728 1373 1764 nullos
1400 1728 1533 1764 civium
1559 1731 1685 1764 coetus

996 1788 1117 1824 Timet
1142 1790 1206 1824 aut
1229 1788 1386 1824 minaces
1414 1788 1563 1824 victoris
1594 1788 1685 1831 iras;

995 1847 1079 1883 Non
1105 1848 1221 1884 maria
1244 1847 1380 1894 asperis
1406 1848 1537 1884 insana
1562 1847 1682 1884 Coris:

874 1907 944 1941 602
994 1906 1148 1943 Hostica
1173 1909 1237 1943 aut
1261 1918 1380 1943 muros
1406 1907 1607 1954 populante
1632 1906 1778 1943 flamma

993 1965 1093 2002 Urbe
1119 1977 1198 2002 cum
1223 1969 1304 2003 tota
1327 1966 1482 2014 populos
1520 1966 1709 2003 cadentes:

266 2026 375 2064 Herc.
391 2025 473 2062 Oet.
491 2026 583 2061 1377
598 2036 692 2071 sqq„
709 2024 801 2061 1385
828 2024 913 2061 Non
926 2025 1005 2072 ipse
1024 2026 1106 2061 siin
1119 2037 1186 2069 me,
1200 2028 1325 2067 mater,
1338 2026 1399 2062 hic
1412 2026 1568 2062 mundus
1586 2028 1681 2062 ruat.
1696 2038 1727 2062 v.
1744 2027 1866 2063 etiam.
1893 2025 1984 2062 Aen.
1999 2025 2084 2062 XII.
2100 2026 2169 2062 203
2187 2036 2284 2072 sqq.;
2296 2026 2408 2071 Soph.
2421 2026 2518 2062 Phil.
2532 2027 2624 2063 1197
2638 2038 2716 2072 sqq.

483 2086 511 2131 ³)
539 2084 753 2133 Causarum,
781 2096 845 2121 cur
876 2085 1073 2123 lectionem
1110 2084 1253 2128 „bibet“
1280 2085 1555 2132 praeferendam
1581 2086 1784 2123 existimem
1809 2085 1962 2124 lectioni
1989 2084 2141 2129 „bibit,“
2169 2085 2258 2122 haec
2285 2087 2342 2122 est
2367 2085 2595 2133 gravissima,
2621 2084 2719 2133 quod

262 2145 459 2183 absurdius
491 2144 742 2192 pinguiusquc
774 2145 975 2191 quidquam
1000 2156 1046 2181 ne
1072 2146 1227 2193 cogitari
1259 2146 1402 2193 quidem
1429 2148 1554 2192 potest
1580 2157 1688 2193 quam
1714 2146 1835 2183 dicere
1860 2146 1961 2182 vivos
1986 2146 2151 2182 homines
2177 2147 2304 2182 nectar
2327 2144 2464 2182 bibere.
2516 2145 2626 2182 Cadit
2647 2146 2717 2182 hoc

262 2207 302 2242 in
328 2207 416 2242 deos
448 2205 677 2241 immortales
711 2206 750 2241 in
783 2216 929 2251 eosque,
964 2217 1055 2251 quos
1087 2218 1152 2242 sua
1182 2206 1296 2242 virtus
1329 2207 1475 2243 deorum
1508 2207 1772 2243 immortalium
1798 2206 1887 2243 fecit
1920 2206 2156 2243 convictores.
2183 2216 2216 2241 v.
2245 2205 2358 2242 etiam
2393 2204 2646 2243 Schmalfeldii
2671 2205 2717 2243 de

264 2277 353 2304 voce
380 2267 507 2313 νέκταρ
534 2266 770 2303 commentat.
796 2265 834 2302 Z.
858 2264 883 2301 f.
912 2265 946 2302 d.
975 2264 1053 2302 Gw.
1082 2264 1173 2303 1876
1198 2277 1232 2312 p.
1260 2267 1338 2303 744.
1389 2266 1441 2303 Ut
1464 2266 1616 2303 Herculi
1642 2266 1680 2302 in
1706 2266 1847 2303 coelum
1874 2267 2001 2302 evecto
2026 2265 2166 2302 Iunone
2189 2267 2322 2312 pacata
2346 2267 2473 2301 nectar
2488 2265 2719 2302 ministratur

263 2327 325 2372 (cf.
353 2327 504 2373 Sappho
530 2327 626 2373 frag.
652 2326 727 2370 51),
754 2326 810 2361 ita
827 2326 1015 2369 Romulus,
1042 2328 1236 2372 postquam
1260 2338 1367 2373 agere
1392 2328 1490 2363 inter
1506 2327 1673 2364 homines
1699 2327 1821 2371 desiit,
1846 2327 1885 2363 in
1911 2326 2060 2363 deornm
2085 2326 2252 2368 convivia
2276 2325 2473 2362 adhibetur
2497 2319 2717 2363 concedente

260 2390 373 2434 atque
407 2386 673 2433 comprobante
707 2384 860 2422 Iunone.
910 2386 1138 2432 Interpretes
1168 2389 1211 2423 ut
1242 2387 1436 2424 lectionem
1473 2387 1612 2430 „bibit“
1646 2387 1841 2435 genuinam
1877 2397 1955 2424 esse
1987 2385 2242 2430 defenderent,
2278 2385 2336 2422 ad.
2362 2385 2429 2432 Ep.
2463 2385 2512 2422 Π.
2550 2387 2618 2423 Lis
2651 2397 2717 2422 nos

264 2447 483 2483 reiecerunt.
534 2446 633 2483 Male
668 2449 791 2482 autem
825 2446 918 2482 mihi
952 2446 1160 2492 opinionem
1194 2458 1291 2483 suam
1325 2447 1496 2483 videntur
1531 2447 1671 2484 fulcire.
1721 2447 1868 2483 Etenim
1899 2445 1952 2482 ibi
1986 2446 2080 2482 nihil
2116 2445 2218 2482 aliud
2253 2445 2344 2482 dicit
2368 2445 2544 2482 Horatius
2577 2446 2649 2482 nisi
2680 2446 2719 2483 id

267 2506 448 2542 interesse
480 2506 579 2542 inter
603 2505 813 2552 Augustum
841 2508 880 2541 et
905 2502 1100 2541 Romulum
1127 2508 1336 2551 ceterosque
1361 2507 1500 2549 heroes,
1537 2507 1634 2552 quod
1659 2506 1716 2542 illi
1741 2507 1814 2542 iam
1840 2506 1922 2542 vivo
1948 2506 2099 2542 meritos
2125 2504 2345 2551 debitosque
2370 2505 2527 2541 honores
2551 2505 2719 2542 tribuant

264 2565 443 2608 homines,
470 2566 510 2602 hi
535 2567 673 2602 mortui
698 2565 844 2602 demum
871 2565 1022 2601 summis
1047 2563 1216 2601 laudibus
1242 2565 1342 2612 digni
1369 2566 1445 2602 sint
1469 2564 1600 2602 habiti.
1652 2566 1695 2603 cf.
1722 2566 1843 2603 Mart.
1857 2565 1900 2602 V.
1931 2566 1985 2602 10.
2013 2564 2076 2611 (ad
2100 2564 2313 2612 Regulum).
2348 2563 2455 2609 Quod
2480 2564 2718 2602 Schroeterus

264 2624 396 2662 scribit
429 2625 487 2670 (cf.
516 2625 666 2670 Quaest.
692 2624 782 2660 Hor.
807 2623 858 2660 Π.
885 2623 1137 2660 saarbrucken
1175 2624 1265 2661 1856
1290 2636 1324 2671 p.
1354 2627 1390 2669 1)
1423 2626 1619 2662 lectionem
1647 2625 1788 2668 „bibit-⁴
1815 2625 1967 2662 tolerari
1992 2635 2066 2661 non
2090 2636 2210 2670 posse,
2237 2624 2339 2670 quod
2362 2624 2522 2671 Augusti
2547 2625 2718 2671 aequales

265 2697 338 2722 non
363 2688 472 2722 tanta
505 2685 719 2722 adulatione
754 2696 793 2720 se
820 2683 1153 2727 dehonestaverint,
1189 2687 1231 2721 ut
1265 2684 1428 2723 dicerent
1467 2685 1671 2732 principem
1702 2685 1778 2722 iam
1812 2685 1935 2722 vivum
1966 2695 2045 2721 esse
2071 2683 2189 2727 deum,
2223 2684 2372 2721 minime
2397 2683 2522 2730 probo.
2566 2684 2718 2721 Etenim

264 2755 339 2781 non
364 2755 437 2781 uno
464 2744 629 2792 exemplo
657 2743 903 2780 demonstrari
929 2745 1064 2788 potest,
1099 2745 1240 2789 poetas,
1273 2746 1333 2790 qui
1358 2747 1437 2781 tum
1463 2745 1647 2787 vivebant,
1682 2745 1859 2781 cecinisse
1885 2745 2092 2791 Augustum
2118 2743 2226 2780 deum
2254 2754 2343 2779 esse.
2393 2744 2445 2779 At
2473 2747 2550 2780 tam
2582 2745 2718 2780 rustice

261 2807 413 2850 tamque
438 2805 585 2841 inficete
609 2807 805 2851 poetarum
838 2796 988 2839 illorum
1015 2814 1120 2839 nemo
1146 2804 1300 2849 scripsit,
1334 2808 1377 2841 ut
1403 2805 1542 2842 diceret
1566 2805 1775 2852 Augustum
1800 2804 1923 2841 vivum
1948 2806 2075 2841 nectar
2098 2802 2237 2841 bibere.
2288 2803 2392 2852 Vide,
2427 2814 2573 2850 quaeso,
2610 2815 2718 2850 quam

261 2864 444 2902 rationem
480 2864 626 2901 dicendi
658 2865 814 2911 usurpet
846 2862 1011 2906 Ovidius,
1047 2862 1110 2909 qui
1142 2865 1287 2909 praeter
1321 2867 1462 2902 ceteros
1487 2865 1696 2913 Augustum
1732 2863 1907 2901 adulatur
1930 2864 2144 2910 adoratque,
2178 2875 2252 2900 non
2285 2863 2369 2900 ideo
2395 2863 2492 2910 quod
2516 2864 2717 2910 principem

263 2923 392 2962 divina
417 2924 576 2971 quadam
608 2924 719 2961 laude
745 2924 899 2971 dignum
926 2923 1121 2964 existimet,
1155 2926 1221 2959 aut
1245 2925 1349 2970 quod,
1384 2928 1426 2961 ut
1450 2925 1657 2961 Boissierus
1683 2925 1869 2971 opinatur,
1893 2924 2036 2960 animus
2062 2924 2139 2959 eius
2165 2934 2209 2959 ex
2235 2923 2394 2969 quadam
2418 2923 2591 2960 adulandi
2617 2924 2718 2969 cupi-

261 2985 383 3021 ditate
408 2988 595 3031 aegrotet,
622 2984 688 3021 sed
714 2984 800 3030 quia
826 2995 898 3030 quo
925 2982 1110 3029 copiosius
1135 2985 1174 3019 et
1199 2983 1443 3022 abundantius
1469 2984 1662 3028 adulatur,
1690 2996 1732 3022 eo
1758 2984 1841 3030 plus
1867 2983 2045 3021 utilitatis
2071 2986 2330 3031 percepturum
2355 2994 2394 3020 se
2419 2982 2630 3029 arbitratur.
2679 2982 2717 3020 Is

259 3044 378 3093 igitur
401 3045 506 3082 Fast.
532 3045 582 3082 11.
605 3045 685 3088 145,
712 3043 777 3081 ubi
801 3042 988 3080 laudando
1005 3042 1170 3089 principe
1195 3043 1273 3089 ipse
1290 3055 1368 3082 sese
1393 3045 1582 3092 superavit
1599 3065 1645 3073 —
1663 3044 1807 3082 confert
1832 3044 1930 3081 enim
1947 3044 2157 3091 Augustum
2182 3055 2264 3081 cnm
2280 3043 2434 3080 Romulo
2452 3043 2717 3089 Romulumque

262 3105 376 3153 longe
400 3105 611 3143 inferiorem
637 3115 717 3142 esse
742 3104 913 3151 Augusto
938 3102 1096 3149 probare
1121 3102 1247 3140 studet
1270 3114 1302 3140 v.
1333 3105 1400 3142 133
1426 3115 1506 3152 sqq.
1534 3125 1580 3147 ,—
1605 3105 1695 3142 haec
1718 3104 1829 3141 dicit:

1036 3163 1116 3200 Iam
1140 3173 1232 3209 puer
1253 3163 1384 3202 Idaeus
1408 3165 1532 3202 media
1554 3168 1663 3202 tenus
1688 3165 1825 3202 eminet
1848 3164 1932 3201 alvo

220 3262 223 3265 .
1083 3222 1134 3260 nt
1157 3222 1316 3269 liquidas
1340 3226 1452 3262 mixto
1478 3227 1626 3263 nectare
1649 3224 1774 3262 fundit
1797 3235 1924 3271 aquas.

260 3285 346 3323 Non
370 3278 498 3323 bibere
523 3285 616 3323 dicit
639 3285 852 3334 Augustum
877 3285 1023 3327 nectar,
1059 3282 1124 3320 sed
1155 3282 1233 3320 fore
1266 3286 1308 3321 ut
1330 3284 1458 3330 bibat3
1492 3285 1537 3323 cf.
1569 3288 1762 3332 praeterea
1793 3285 1986 3332 interpret.
2020 3284 2069 3322 ad
2100 3284 2211 3332 Verg.
2250 3283 2293 3321 G.
2307 3283 2338 3320 Ι.
2366 3284 2413 3320 24
2437 3293 2530 3330 sqq„
2555 3282 2602 3320 34
2618 3293 2716 3332 sqq.;

261 3344 336 3382 vid.
363 3346 492 3388 etiam,
519 3344 1030 3393 quomodo'Funkhaenelius
1062 3343 1258 3380 lectionem
1285 3344 1431 3386 „bibet“
1459 3345 1645 3383 defendat.
1677 3345 1795 3383 Jahns
1820 3344 1949 3383 Jahrb.
1977 3345 2071 3383 1869
2096 3355 2132 3391 p.
2161 3344 2240 3382 129.
2292 3364 2337 3371 —
2371 3342 2607 3381 Constantius
2631 3355 2719 3383 vero
