2920 3717
1414 205 1469 246 27

442 342 559 389 Iam
570 324 676 385 vero
711 338 750 382 si
785 335 881 393 quis
926 335 1123 391 quaerat,
1159 333 1505 390 quemadmodum
1545 334 1752 391 coniungi
1783 347 1901 390 posse
1936 334 2166 380 existimem
2207 302 2404 378 ultimam
2445 332 2660 389 stropham

84 381 129 414 i
172 449 175 451 -
220 377 327 476 cum
359 411 721 472 praecedentibus,
766 408 870 451 me
904 406 1059 473 habeo,
1099 418 1204 461 quae
1247 405 1525 460 respondeam.
1597 405 1647 449 V.
1682 407 1806 450 69-
1818 409 1874 449 72
1917 407 2145 451 clausulam
2182 404 2432 449 rhetoricam
2468 403 2657 448 arbitror.

145 484 148 495 ¹
225 471 450 533 Horatius
460 484 510 528 'in
526 482 619 526 hoc
649 477 829 524 carmine
858 476 994 539 nescio
1024 488 1077 520 an
1113 476 1294 533 primum
1324 477 1537 521 materiam
1569 490 1616 521 ex
1645 477 1816 521 historia
1840 477 2025 522 Romana
2043 478 2261 535 repetitam
2302 476 2385 521 sibi
2403 476 2664 532 proposuerit

227 554 509 607 tractandam,
532 552 578 597 id
597 563 693 595 vero
722 534 907 593 dubitari
935 560 1016 592 non
1044 549 1197 604 potest,
1227 543 1327 604 quin
1357 548 1400 591 in
1429 548 1507 592 hoc
1526 549 1613 592 solo
1634 549 1813 594 carmine
1838 549 2050 593 historiam
2068 550 2297 594 fabuiarem
2328 548 2529 606 tetigerit,
2553 560 2660 603 quae

220 615 412 685 spectat·
436 623 491 668 ad
532 622 759 666 domemca
795 621 904 673 fata,
945 633 1042 664 cum
1079 620 1123 663 in
1160 619 1305 665 ceteris
1342 620 1612 671 carminibus,
1654 621 1697 663 in
1735 620 1882 675 quibus
1920 621 2025 665 111331
2061 624 2352 678 argumentum
2390 620 2602 671 fabulare,
2635 632 2663 662 a

232 697 386 754 poetis
396 693 566 742 Graecas
596 695 690 737 tum
719 693 814 748 plus
844 694 937 736 tum
966 693 1104 735 minus
1134 693 1351 736 mutuatus
1388 692 1456 735 sit.

446 788 560 832 Talis
606 789 747 832 autem
785 786 1041 844 argumenti,
1080 786 1189 843 quod
1226 786 1426 831 Horatius
1464 786 1645 830 exaravit
1681 786 1723 829 in
1766 787 1941 830 carmine
1981 788 2121 840 tertio,
2164 775 2360 844 gravitati
2406 800 2481 830 nec
2518 787 2662 845 elegos

227 860 445 915 convenire
475 872 551 904 nec
580 853 769 915 strophas
799 854 985 917 vulgaris
1024 861 1114 904 erat
1142 859 1298 916 opinio;
1332 858 1408 903 soli
1438 872 1577 903 versus
1615 858 1726 902 heroi
1764 859 1977 903 materiam
2006 859 2049 903 id
2078 873 2206 917 genus
2236 860 2436 904 sustinere
2466 861 2510 904 et
2538 871 2661 915 posse

232 936 276 978 et
314 932 460 976 debere
501 932 861 982 existimabantur3
907 931 999 975 aliis
1045 931 1230 976 versibus
1270 931 1429 974 inclusa
1475 933 1598 987 atque
1639 930 1771 979 herois
1811 943 1874 974 res
1910 933 1996 975 tam
2046 932 2211 988 grandis
2259 933 2428 987 tamque
2465 930 2660 975 sublimis

232 1017 378 1048 sucum
415 1005 457 1048 et
494 1003 758 1062 sanguinem,
789 1005 840 1047 ut
880 1003 942 1048 ita
976 1003 1112 1048 dicam
1125 1036 1137 1055 ‚
1173 1003 1364 1047 amittere
1403 1003 1621 1047 videbatur
1661 1004 1784 1058 313113
1821 1002 1957 1048 (131311.
2027 1004 2220 1049 Horatius
2233 1039 2243 1057 ,
2284 1006 2333 1048 ut
2369 1004 2440 1059 qui
2477 1004 2658 1047 fautores

231 1078 419 1120 veterum
448 1076 617 1120 minime
647 1076 731 1120 sibi
757 1074 979 1119 audiendos
1014 1088 1101 1119 esse
1131 1073 1401 1119 arbitraretur
1420 1088 1542 1131 seque
1561 1075 1745 1119 multum
1765 1074 1990 1131 discrepare
2020 1077 2171 1120 diceret
2190 1077 2243 1119 ab
2264 1076 2358 1119 istis
2378 1075 2659 1119 imitatoribus

231 1147 338 1192 nihil
369 1161 442 1192 suo
473 1148 609 1192 Marte
640 1147 899 1200 audentibus,
935 1147 1013 1191 hoc
1043 1160 1204 1204 quoque
1235 1146 1413 1191 carmine
1451 1147 1630 1191 ostendit
1665 1159 1855 1191 numeros
1885 1148 2116 1204 animosque
2146 1147 2400 1193 Graecorum
2441 1159 2485 1190 se
2525 1147 2657 1203 sequi.

232 1233 312 1264 non
341 1234 417 1264 res.
430 1223 458 1276 ¹)
519 1220 579 1265 Ut
608 1220 738 1276 igitur
767 1219 882 1263 brevi
905 1219 1166 1275 complectar,
1198 1218 1298 1274 quid
1318 1219 1493 1263 sentiam
1524 1219 1574 1263 de
1603 1220 1725 1262 huius
1746 1219 1934 1263 carminis
1955 1233 2116 1276 genere:
2146 1219 2346 1264 Horatius
2366 1221 2658 1276 argumentum

233 1305 281 1335 ex
318 1292 551 1348 primordiis
572 1304 710 1335 rerum
730 1291 1010 1335 Romanarum
1031 1290 1311 1346 desumptum,
1343 1289 1451 1345 quod
1472 1290 1697 1346 grandior-rs
1718 1292 1760 1334 31
1780 1291 1987 1345 amplioris
2007 1293 2149 1346 poetae
2169 1292 2380 1347 ingenium
2401 1292 2658 1345 lacertosque

233 1363 435 1420 requirere
464 1363 673 1407 videretur
702 1375 828 1419 quam
858 1361 975 1419 lyrici
1004 1363 1162 1418 poetae,
1193 1361 1236 1406 in
1266 1362 1456 1418 strophas
1491 1362 1783 1407 accomodavit.

459 1447 554 1492 Non
594 1447 727 1504 igitur
772 1459 864 1490 eam
899 1446 943 1489 in
982 1445 1228 1490 sententiam
1266 1445 1460 1490 ultimam
1504 1446 1715 1503 stropham
1758 1445 2030 1502 accipiendam
2075 1460 2160 1491 esse
2207 1448 2378 1491 exstimo
2391 1480 2402 1499 ,
2451 1449 2500 1491 ut
2545 1447 2659 1491 (11333

233 1520 454 1564 Horatium
483 1520 526 1563 in
557 1520 668 1564 exitu
698 1518 893 1563 carminis
925 1518 1107 1562 confiteri
1138 1518 1361 1574 sumpsisse
1392 1531 1434 1562 se
1465 1519 1681 1562 materiam
1713 1518 1797 1562 suis
1827 1518 1979 1563 viribus
2008 1519 2173 1562 minime
2210 1523 2434 1575 aequam‚²)
2466 1520 2538 1563 sed
2569 1532 2660 1563 esse

233 1592 441 1649 quandam
470 1592 578 1637 inter
609 1591 855 1650 argumenti,
899 1590 942 1635 in
972 1604 1053 1647 quo
1089 1591 1284 1644 versetur,
1324 1590 1571 1648 gravitatem
1592 1582 1659 1635 ’33
1698 1591 1992 1635 sublimitatem
2029 1594 2071 1635 et
2108 1593 2293 1645 formam,
2327 1605 2409 1647 qua
2444 1592 2661 1635 incluserit

236 1666 540 1722 argumentum,
573 1663 901 1720 discrepantiam.

450 1748 539 1802 Quo
570 1749 717 1792 melius
748 1749 890 1792 autem
909 1747 1177 1803 intellegatur
1206 1747 1340 1790 verbis
1360 1747 1444 1790 illis
1469 1760 1645 1804 „magna
1665 1748 1796 1791 modis
1816 1750 1981 1791 tenuare
2002 1748 2159 1803 parvis“
2194 1748 2296 1790 nihil
2317 1748 2431 1790 aliud
2452 1747 2658 1790 indicasse

233 1820 455 1865 Horatium
486 1820 565 1863 11131
597 1819 789 1863 carminis
818 1818 1090 1875 ponderosum
1121 1820 1412 1876 argumentum
1451 1819 1567 1875 quasi
1598 1819 1793 1863 dissidere
1833 1834 1857 1863 3
1886 1820 2010 1876 lyn'ca
2040 1820 2188 1869 forma
2228 1818 2430 1875 quaedam
2467 1819 2661 1862 similiter

235 1893 346 1937 (11313
389 1893 432 1936 111
472 1892 655 1936 medium
692 1891 836 1935 afferre
865 1891 1000 1935 liceat.
1041 1890 1211 1935 Ovidius
1248 1892 1489 1949 Augustum
1531 1905 1628 1936 cum
1665 1892 1841 1936 Romulo
1882 1896 2148 1948 comparans³)
2190 1891 2241 1934 ad
2290 1893 2451 1946 patrem
2499 1891 2661 1946 patriae

235 1964 524 2009 celebrandum
555 1964 730 2007 elatione
761 1964 885 2019 atque
916 1962 1135 2008 altitudine
1166 1963 1383 2016 orationis,
1417 1976 1497 2019 3113
1526 1964 1708 2008 floruerit
1738 1963 1957 2017 Homerus,
1995 1976 2095 2020 opus
2126 1975 2210 2006 esse
2252 1963 2468 2019 elegosque
2506 1974 2662 2017 nequa-

234 2050 360 2092 quam
390 2049 507 2092 pares
538 2037 654 2080 tanto
685 2035 797 2079 oneri
827 2034 1063 2079 sustinendo
1100 2035 1214 2079 dicit.

808 2106 918 2160 Quid
948 2106 1062 2150 volui
1092 2105 1258 2150 demens
1289 2107 1417 2164 elegis
1447 2108 1653 2163 imponere
1684 2110 1846 2152 tantum

932 2177 1164 2221 Ponderis?
1194 2178 1308 2222 heroi
1338 2192 1403 2223 res
1434 2181 1522 2223 erat
1551 2180 1634 2224 ista
1663 2180 1828 2235 pedis.⁴)

235 2346 282 2383 H.
315 2345 510 2382 Paldamus
549 2345 607 2391 (cf.
640 2344 684 2381 (13
722 2344 927 2381 imitatione
959 2343 1114 2380 Horatii.
1148 2341 1366 2380 Greifswald
1399 2340 1487 2378 1851
1526 2352 1561 2387 p.
1606 2341 1684 2386 17),
1719 2351 1783 2377 cur
1815 2340 1955 2386 possint
1995 2339 2154 2376 excusari
2187 2338 2295 2375 verba
2325 2339 2438 2381 „meis
2472 2339 2662 2385 Argivis·.“

234 2406 413 2453 Equidem
437 2416 523 2442 vero
548 2415 677 2442 censeo
702 2406 779 2441 tam
804 2406 893 2450 apta
917 2405 956 2440 et
981 2403 1222 2451 congruentia
1237 2413 1327 2446 esse,
1355 2403 1396 2438 ut
1418 2412 1491 2437 non
1509 2403 1643 2448 egeant
1667 2400 1906 2443 excusatione,
1932 2399 2122 2436 dummodo
2147 2401 2244 2435 recte
2261 2398 2397 2434 sentias
2423 2397 2469 2434 de
2486 2399 2658 2435 carminis

235 2478 386 2504 summa.
435 2465 628 2514 Significat
652 2467 774 2501 31113111
798 2464 892 2501 11111(1
920 2464 1034 2508 ,,111313
1058 2463 1229 2511 Argivis“
1254 2462 1352 2499 idem
1377 2463 1489 2508 atque
1518 2461 1608 2497 meis
1633 2461 1742 2498 sociis
1773 2460 1986 2506 amicisque3
2020 2469 2199 2505 nunquam
2231 2457 2418 2495 defuturos
2451 2469 2530 2494 esse
2561 2458 2658 2495 Iuno

234 2526 424 2574 praedicit,
452 2526 514 2573 qui
545 2524 704 2562 libenter
728 2536 767 2561 se
799 2526 999 2571 sequantur
1028 2523 1227 2570 urbemque
1258 2524 1503 2560 restauratam
1535 2532 1574 2557 se
1607 2520 1699 2558 duce
1732 2523 1863 2557 aveant
1888 2528 2055 2556 evertere.
2089 2530 2121 2554 ν.
2154 2519 2265 2554 3113111
2289 2518 2447 2555 Ρ131131·;
2482 2518 2525 2555 G.
2551 2519 2600 2554 M.
2627 2518 2657 2554 L

237 2586 316 2631 128,
342 2586 391 2624 11.
418 2586 464 2623 36
490 2596 580 2632 sqq..
607 2586 664 2622 47.
715 2585 845 2621 Potest
870 2595 952 2621 cum
975 2584 1045 2621 hac
1068 2583 1254 2621 locutione
1278 2582 1434 2620 conferri
1456 2581 1532 2624 illa,
1559 2591 1632 2628 qua
1654 2581 1792 2618 Ennius
1816 2580 1908 2617 Ann.
1934 2579 2002 2617 284
2026 2578 2164 2615 inducit
2188 2576 2432 2615 Hannibalem
2468 2580 2659 2615 utentem:

952 2644 1106 2681 Hostem
1132 2645 1196 2691 qui
1219 2644 1337 2686 feriet,
1363 2642 1454 2679 mihi
1479 2643 1549 2678 erit
1574 2641 1897 2688 Carthaginiensis,

955 2703 1129 2751 Quisquis
1154 2704 1235 2747 erit,
1262 2703 1394 2740 cuiatis
1424 2702 1505 2739 erit.

454 2768 479 2813 ¹)
505 2767 571 2813 Ep.
597 2766 627 2802 L
655 2767 711 2802 19.

450 2828 483 2872 ²)
509 2827 554 2862 cf.
580 2837 609 2863 c.
635 2826 665 2862 I.
692 2827 725 2868 6,
750 2824 800 2861 11.
829 2825 883 2874 12,
908 2824 972 2861 Π.
998 2825 1032 2860 2.
1080 2824 1149 2869 Ep.
1174 2824 1236 2866 11.‚
1270 2825 1356 2860 Lato
1380 2823 1417 2859 ff.
1445 2821 1587 2859 Similia
1611 2822 1802 2858 occurrunt
1826 2819 1921 2865 apud
1945 2818 2050 2863 Prop.
2076 2817 2137 2853 IV.
2170 2817 2234 2853 Sa.

1333 2882 1430 2928 Quid
1454 2893 1511 2918 me
1535 2880 1716 2918 scribendi
1741 2883 1816 2916 tam
1839 2881 1981 2915 vastum
2004 2877 2120 2914 mittis
2144 2877 2183 2913 111
2211 2877 2377 2923 aequor?

1426 2941 1511 2979 Non
1536 2944 1621 2978 sunt
1645 2943 1730 2988 apta
1753 2950 1852 2976 meae
1877 2937 2028 2985 grandia
2051 2936 2161 2973 verba
2185 2937 2268 2973 rati.

234 3007 282 3045 cf.
307 3007 420 3045 etiam
444 3018 477 3043 v,
504 3016 530 3043 1.
556 3016 604 3043 ee.
638 3015 684 3042 ae.

450 3081 481 3124 ³)
505 3090 539 3115 v.
563 3089 599 3127 p.
626 3079 671 3114 22
697 3080 776 3114 not.
803 3077 837 3114 3.

449 3140 479 3185 ⁴⁵)
503 3138 606 3175 Fast.
629 3138 679 3175 Π.
709 3138 796 3181 125·,
821 3136 870 3173 id.
896 3147 939 3173 ex
963 3136 1082 3174 Ponto
1107 3136 1176 3174 111.
1202 3138 1274 3173 4.ae
1322 3135 1432 3172 Ferre
1457 3135 1567 3172 etiam
1591 3134 1718 3171 molles
1746 3131 1840 3178 elegi
1864 3133 1938 3167 tam
1962 3132 2067 3167 vasta
2091 3130 2266 3175 triumphi

1403 3194 1570 3231 Pondera
1593 3192 1796 3239 disparibus
1821 3201 1893 3227 non
1916 3192 2066 3236 potuere
2091 3190 2192 3225 rotis.

825 3257 875 3295 id.
900 3257 980 3294 Am.
1006 3257 1035 3294 1.
1065 3258 1095 3293 1.
1318 3256 1429 3291 Arma
1453 3254 1555 3300 gravi
1580 3263 1727 3289 numero
1750 3251 1979 3296 violentaque
2003 3249 2101 3285 bella
2127 3248 2309 3294 parabam.

1403 3312 1519 3350 Edere
1530 3338 1533 3342 -
1543 3312 1697 3349 materia
1720 3310 1954 3347 conveniente
1979 3308 2105 3345 modis.

1301 3374 1374 3410 Par
1398 3375 1478 3409 erat
1501 3371 1650 3408 inferior
1673 3381 1807 3407 versus.

2397 3442 2445 3475 4&
