<?xml version="1.0" encoding="UTF-8"?>
<!DOCTYPE html PUBLIC "-//W3C//DTD XHTML 1.0 Transitional//EN"
    "http://www.w3.org/TR/xhtml1/DTD/xhtml1-transitional.dtd">
<html xmlns="http://www.w3.org/1999/xhtml" xml:lang="en" lang="en">
 <head>
  <title>
</title>
<meta http-equiv="Content-Type" content="text/html;charset=utf-8" />
  <meta name='ocr-system' content='tesseract 3.04.00' />
  <meta name='ocr-capabilities' content='ocr_page ocr_carea ocr_par ocr_line ocrx_word'/>
</head>
<body>
  <div class='ocr_page' id='page_1' title='image "4775043_0049.png"; bbox 0 0 2920 3717; ppageno 0'>
   <div class='ocr_carea' id='block_1_1' title="bbox 0 0 140 164">
    <p class='ocr_par' dir='ltr' id='par_1_1' title="bbox 0 0 140 164">
     <span class='ocr_line' id='line_1_1' title="bbox 0 0 140 164; baseline 0 3553"><span class='ocrx_word' id='word_1_1' title='bbox 0 0 140 164; x_wconf 95' lang='lat' dir='ltr'><strong> </strong></span> 
     </span>
    </p>
   </div>
   <div class='ocr_carea' id='block_1_2' title="bbox 172 3073 213 3082">
    <p class='ocr_par' dir='ltr' id='par_1_2' title="bbox 172 3073 213 3082">
     <span class='ocr_line' id='line_1_2' title="bbox 172 3073 213 3082; baseline 0 0"><span class='ocrx_word' id='word_1_2' title='bbox 172 3073 213 3082; x_wconf 70' lang='lat' dir='ltr'><strong>..a-</strong></span> 
     </span>
    </p>
   </div>
   <div class='ocr_carea' id='block_1_3' title="bbox 244 312 2794 388">
    <p class='ocr_par' dir='ltr' id='par_1_3' title="bbox 244 312 2794 388">
     <span class='ocr_line' id='line_1_3' title="bbox 244 312 2794 388; baseline 0 -29"><span class='ocrx_word' id='word_1_3' title='bbox 244 312 482 360; x_wconf 64' lang='lat' dir='ltr'><strong>humanust</strong></span> <span class='ocrx_word' id='word_1_4' title='bbox 512 312 676 359; x_wconf 78' lang='lat' dir='ltr'><strong>embert</strong></span> <span class='ocrx_word' id='word_1_5' title='bbox 695 313 847 357; x_wconf 84' lang='lat' dir='ltr'><strong>habe.“</strong></span> <span class='ocrx_word' id='word_1_6' title='bbox 900 313 1089 372; x_wconf 87' lang='lat' dir='ltr'><strong>Denique</strong></span> <span class='ocrx_word' id='word_1_7' title='bbox 1107 315 1231 372; x_wconf 85' lang='lat' dir='ltr'><strong>paulo</strong></span> <span class='ocrx_word' id='word_1_8' title='bbox 1259 314 1405 368; x_wconf 61' lang='lat' dir='ltr'><strong>infirm)</strong></span> <span class='ocrx_word' id='word_1_9' title='bbox 1435 314 1538 358; x_wconf 84' lang='lat' dir='ltr'><strong>haec</strong></span> <span class='ocrx_word' id='word_1_10' title='bbox 1567 315 1757 361; x_wconf 84' lang='lat' dir='ltr'><strong>videmus</strong></span> <span class='ocrx_word' id='word_1_11' title='bbox 1785 318 1962 375; x_wconf 77' lang='lat' dir='ltr'><strong>scripta:</strong></span> <span class='ocrx_word' id='word_1_12' title='bbox 2010 317 2092 375; x_wconf 76' lang='lat' dir='ltr'><strong>·-„In</strong></span> <span class='ocrx_word' id='word_1_13' title='bbox 2115 315 2195 361; x_wconf 82' lang='lat' dir='ltr'><strong>der</strong></span> <span class='ocrx_word' id='word_1_14' title='bbox 2214 313 2395 360; x_wconf 78' lang='lat' dir='ltr'><strong>Aeneide</strong></span> <span class='ocrx_word' id='word_1_15' title='bbox 2402 314 2471 377; x_wconf 71' lang='lat' dir='ltr'><strong>ist</strong></span> <span class='ocrx_word' id='word_1_16' title='bbox 2498 313 2705 373; x_wconf 75' lang='lat' dir='ltr'><strong>nirgends·</strong></span> <span class='ocrx_word' id='word_1_17' title='bbox 2789 374 2794 388; x_wconf 41' lang='lat'><strong>·</strong></span> 
     </span>
    </p>
   </div>
   <div class='ocr_carea' id='block_1_4' title="bbox 242 369 2724 732">
    <p class='ocr_par' dir='ltr' id='par_1_4' title="bbox 242 369 2706 732">
     <span class='ocr_line' id='line_1_4' title="bbox 244 369 2700 449; baseline 0.002 -20"><span class='ocrx_word' id='word_1_18' title='bbox 244 384 353 429; x_wconf 87' lang='lat' dir='ltr'><strong>eine·</strong></span> <span class='ocrx_word' id='word_1_19' title='bbox 365 385 648 442; x_wconf 76' lang='lat' dir='ltr'><strong>Anseohnung</strong></span> <span class='ocrx_word' id='word_1_20' title='bbox 676 386 1030 442; x_wconf 76' lang='lat' dir='ltr'><strong>ansgesprochea,</strong></span> <span class='ocrx_word' id='word_1_21' title='bbox 1070 385 1261 443; x_wconf 78' lang='lat' dir='ltr'><strong>nirgends</strong></span> <span class='ocrx_word' id='word_1_22' title='bbox 1290 384 1357 429; x_wconf 86' lang='lat' dir='ltr'><strong>die</strong></span> <span class='ocrx_word' id='word_1_23' title='bbox 1385 382 1522 443; x_wconf 72' lang='lat' dir='ltr'><strong>Frage</strong></span> <span class='ocrx_word' id='word_1_24' title='bbox 1551 387 1712 443; x_wconf 71' lang='lat' dir='ltr'><strong>gelent,</strong></span> <span class='ocrx_word' id='word_1_25' title='bbox 1749 387 1826 433; x_wconf 75' lang='lat' dir='ltr'><strong>wie</strong></span> <span class='ocrx_word' id='word_1_26' title='bbox 1858 388 1970 435; x_wconf 83' lang='lat' dir='ltr'><strong>Juno</strong></span> <span class='ocrx_word' id='word_1_27' title='bbox 2005 389 2139 434; x_wconf 75' lang='lat' dir='ltr'><strong>ilii-em</strong></span> <span class='ocrx_word' id='word_1_28' title='bbox 2166 386 2278 437; x_wconf 75' lang='lat' dir='ltr'><strong>Hase</strong></span> <span class='ocrx_word' id='word_1_29' title='bbox 2307 369 2559 449; x_wconf 65' lang='lat' dir='ltr'><strong>eninngend,</strong></span> <span class='ocrx_word' id='word_1_30' title='bbox 2594 382 2700 435; x_wconf 68' lang='lat' dir='ltr'><strong>dem</strong></span> 
     </span>
     <span class='ocr_line' id='line_1_5' title="bbox 244 449 2724 519; baseline 0.001 -17"><span class='ocrx_word' id='word_1_31' title='bbox 244 457 457 504; x_wconf 75' lang='lat' dir='ltr'><strong>Gedeilien</strong></span> <span class='ocrx_word' id='word_1_32' title='bbox 488 456 715 501; x_wconf 75' lang='lat' dir='ltr'><strong>romischm-</strong></span> <span class='ocrx_word' id='word_1_33' title='bbox 742 456 892 501; x_wconf 77' lang='lat' dir='ltr'><strong>Macht</strong></span> <span class='ocrx_word' id='word_1_34' title='bbox 921 458 1012 501; x_wconf 86' lang='lat' dir='ltr'><strong>sich</strong></span> <span class='ocrx_word' id='word_1_35' title='bbox 1043 458 1160 502; x_wconf 88' lang='lat' dir='ltr'><strong>nicht</strong></span> <span class='ocrx_word' id='word_1_36' title='bbox 1186 457 1303 500; x_wconf 82' lang='lat' dir='ltr'><strong>mehr</strong></span> <span class='ocrx_word' id='word_1_37' title='bbox 1330 455 1549 515; x_wconf 79' lang='lat' dir='ltr'><strong>feindselig</strong></span> <span class='ocrx_word' id='word_1_38' title='bbox 1577 458 1622 503; x_wconf 91' lang='lat' dir='ltr'><strong>in</strong></span> <span class='ocrx_word' id='word_1_39' title='bbox 1651 460 1837 514; x_wconf 62' lang='lat' dir='ltr'><strong>spatam</strong></span> <span class='ocrx_word' id='word_1_40' title='bbox 1862 460 1954 506; x_wconf 80' lang='lat' dir='ltr'><strong>Zeit</strong></span> <span class='ocrx_word' id='word_1_41' title='bbox 1981 449 2363 519; x_wconf 75' lang='lat' dir='ltr'><strong>eutgegengestellt</strong></span> <span class='ocrx_word' id='word_1_42' title='bbox 2382 458 2503 504; x_wconf 77' lang='lat' dir='ltr'><strong>habe.</strong></span> <span class='ocrx_word' id='word_1_43' title='bbox 2553 455 2724 519; x_wconf 62' lang='lat' dir='ltr'><strong>Gnade</strong></span> 
     </span>
     <span class='ocr_line' id='line_1_6' title="bbox 245 517 2706 589; baseline 0.001 -15"><span class='ocrx_word' id='word_1_44' title='bbox 245 528 357 574; x_wconf 83' lang='lat' dir='ltr'><strong>dieee</strong></span> <span class='ocrx_word' id='word_1_45' title='bbox 377 528 556 574; x_wconf 85' lang='lat' dir='ltr'><strong>Ansicht</strong></span> <span class='ocrx_word' id='word_1_46' title='bbox 584 527 759 585; x_wconf 75' lang='lat' dir='ltr'><strong>ergreist</strong></span> <span class='ocrx_word' id='word_1_47' title='bbox 788 528 863 572; x_wconf 90' lang='lat' dir='ltr'><strong>der</strong></span> <span class='ocrx_word' id='word_1_48' title='bbox 883 541 1024 586; x_wconf 87' lang='lat' dir='ltr'><strong>grosse</strong></span> <span class='ocrx_word' id='word_1_49' title='bbox 1045 529 1216 574; x_wconf 81' lang='lat' dir='ltr'><strong>Dichter</strong></span> <span class='ocrx_word' id='word_1_50' title='bbox 1235 527 1383 573; x_wconf 86' lang='lat' dir='ltr'><strong>Horaz.</strong></span> <span class='ocrx_word' id='word_1_51' title='bbox 1389 530 1416 552; x_wconf 79' lang='lat'><strong>‘⁶</strong></span> <span class='ocrx_word' id='word_1_52' title='bbox 1465 527 1516 572; x_wconf 94' lang='lat' dir='ltr'><strong>In</strong></span> <span class='ocrx_word' id='word_1_53' title='bbox 1536 527 1694 575; x_wconf 80' lang='lat' dir='ltr'><strong>Stravii</strong></span> <span class='ocrx_word' id='word_1_54' title='bbox 1721 517 1927 577; x_wconf 63' lang='lat' dir='ltr'><strong>sentdntia</strong></span> <span class='ocrx_word' id='word_1_55' title='bbox 1956 531 2228 581; x_wconf 78' lang='lat' dir='ltr'><strong>examinanda·</strong></span> <span class='ocrx_word' id='word_1_56' title='bbox 2252 543 2386 584; x_wconf 82' lang='lat' dir='ltr'><strong>nemo,</strong></span> <span class='ocrx_word' id='word_1_57' title='bbox 2416 529 2529 589; x_wconf 86' lang='lat' dir='ltr'><strong>quod</strong></span> <span class='ocrx_word' id='word_1_58' title='bbox 2548 529 2706 585; x_wconf 71' lang='lat' dir='ltr'><strong>scim&#39;n.¹</strong></span> 
     </span>
     <span class='ocr_line' id='line_1_7' title="bbox 244 600 2692 661; baseline 0 -16"><span class='ocrx_word' id='word_1_59' title='bbox 244 601 325 645; x_wconf 88' lang='lat' dir='ltr'><strong>nisi</strong></span> <span class='ocrx_word' id='word_1_60' title='bbox 367 600 586 646; x_wconf 87' lang='lat' dir='ltr'><strong>Schulzius</strong></span> <span class='ocrx_word' id='word_1_61' title='bbox 626 601 818 645; x_wconf 81' lang='lat' dir='ltr'><strong>versatus</strong></span> <span class='ocrx_word' id='word_1_62' title='bbox 857 603 978 655; x_wconf 80' lang='lat' dir='ltr'><strong>est.²)</strong></span> <span class='ocrx_word' id='word_1_63' title='bbox 1041 601 1121 656; x_wconf 85' lang='lat' dir='ltr'><strong>Qui</strong></span> <span class='ocrx_word' id='word_1_64' title='bbox 1158 614 1252 646; x_wconf 91' lang='lat' dir='ltr'><strong>cum</strong></span> <span class='ocrx_word' id='word_1_65' title='bbox 1290 612 1382 643; x_wconf 86' lang='lat' dir='ltr'><strong>mea</strong></span> <span class='ocrx_word' id='word_1_66' title='bbox 1422 600 1591 656; x_wconf 90' lang='lat' dir='ltr'><strong>quidem</strong></span> <span class='ocrx_word' id='word_1_67' title='bbox 1631 601 1820 658; x_wconf 86' lang='lat' dir='ltr'><strong>opinione</strong></span> <span class='ocrx_word' id='word_1_68' title='bbox 1860 616 1911 648; x_wconf 85' lang='lat' dir='ltr'><strong>ea</strong></span> <span class='ocrx_word' id='word_1_69' title='bbox 1953 604 2046 661; x_wconf 89' lang='lat' dir='ltr'><strong>ipsa</strong></span> <span class='ocrx_word' id='word_1_70' title='bbox 2081 603 2425 661; x_wconf 79' lang='lat' dir='ltr'><strong>praetermiserit,</strong></span> <span class='ocrx_word' id='word_1_71' title='bbox 2475 615 2580 660; x_wconf 84' lang='lat' dir='ltr'><strong>quae</strong></span> <span class='ocrx_word' id='word_1_72' title='bbox 2625 601 2692 648; x_wconf 79' lang='lat' dir='ltr'><strong>vel</strong></span> 
     </span>
     <span class='ocr_line' id='line_1_8' title="bbox 242 672 2311 732; baseline 0.002 -15"><span class='ocrx_word' id='word_1_73' title='bbox 242 673 425 717; x_wconf 83' lang='lat' dir='ltr'><strong>maxime</strong></span> <span class='ocrx_word' id='word_1_74' title='bbox 455 674 575 717; x_wconf 88' lang='lat' dir='ltr'><strong>erant</strong></span> <span class='ocrx_word' id='word_1_75' title='bbox 604 672 797 729; x_wconf 90' lang='lat' dir='ltr'><strong>ponenda</strong></span> <span class='ocrx_word' id='word_1_76' title='bbox 825 673 869 717; x_wconf 92' lang='lat' dir='ltr'><strong>in</strong></span> <span class='ocrx_word' id='word_1_77' title='bbox 900 674 1073 725; x_wconf 85' lang='lat' dir='ltr'><strong>trutina,</strong></span> <span class='ocrx_word' id='word_1_78' title='bbox 1106 673 1156 716; x_wconf 91' lang='lat' dir='ltr'><strong>de</strong></span> <span class='ocrx_word' id='word_1_79' title='bbox 1185 673 1234 716; x_wconf 87' lang='lat' dir='ltr'><strong>iis</strong></span> <span class='ocrx_word' id='word_1_80' title='bbox 1263 684 1400 728; x_wconf 88' lang='lat' dir='ltr'><strong>agam,</strong></span> <span class='ocrx_word' id='word_1_81' title='bbox 1432 684 1539 728; x_wconf 84' lang='lat' dir='ltr'><strong>quae</strong></span> <span class='ocrx_word' id='word_1_82' title='bbox 1569 672 1784 717; x_wconf 73' lang='lat' dir='ltr'><strong>Schulzius</strong></span> <span class='ocrx_word' id='word_1_83' title='bbox 1815 674 1983 732; x_wconf 89' lang='lat' dir='ltr'><strong>reliquit</strong></span> <span class='ocrx_word' id='word_1_84' title='bbox 2014 675 2311 732; x_wconf 84' lang='lat' dir='ltr'><strong>perpendenda.</strong></span> 
     </span>
    </p>
   </div>
   <div class='ocr_carea' id='block_1_5' title="bbox 240 767 2700 2196">
    <p class='ocr_par' dir='ltr' id='par_1_5' title="bbox 240 767 2700 2196">
     <span class='ocr_line' id='line_1_9' title="bbox 466 767 2691 829; baseline 0.002 -16"><span class='ocrx_word' id='word_1_85' title='bbox 466 769 531 813; x_wconf 91' lang='lat' dir='ltr'><strong>Ac</strong></span> <span class='ocrx_word' id='word_1_86' title='bbox 551 768 737 826; x_wconf 90' lang='lat' dir='ltr'><strong>primum</strong></span> <span class='ocrx_word' id='word_1_87' title='bbox 758 768 928 826; x_wconf 90' lang='lat' dir='ltr'><strong>quidem</strong></span> <span class='ocrx_word' id='word_1_88' title='bbox 948 769 991 815; x_wconf 91' lang='lat' dir='ltr'><strong>id</strong></span> <span class='ocrx_word' id='word_1_89' title='bbox 1011 770 1161 814; x_wconf 83' lang='lat' dir='ltr'><strong>falsum</strong></span> <span class='ocrx_word' id='word_1_90' title='bbox 1183 770 1246 813; x_wconf 86' lang='lat' dir='ltr'><strong>est</strong></span> <span class='ocrx_word' id='word_1_91' title='bbox 1275 767 1452 823; x_wconf 88' lang='lat' dir='ltr'><strong>expediri</strong></span> <span class='ocrx_word' id='word_1_92' title='bbox 1468 768 1536 812; x_wconf 84' lang='lat' dir='ltr'><strong>ab</strong></span> <span class='ocrx_word' id='word_1_93' title='bbox 1556 768 1732 813; x_wconf 80' lang='lat' dir='ltr'><strong>Horatio</strong></span> <span class='ocrx_word' id='word_1_94' title='bbox 1761 768 1804 813; x_wconf 91' lang='lat' dir='ltr'><strong>in</strong></span> <span class='ocrx_word' id='word_1_95' title='bbox 1835 769 1914 814; x_wconf 86' lang='lat' dir='ltr'><strong>hoc</strong></span> <span class='ocrx_word' id='word_1_96' title='bbox 1944 771 2124 816; x_wconf 75' lang='lat' dir='ltr'><strong>carmine</strong></span> <span class='ocrx_word' id='word_1_97' title='bbox 2144 771 2368 829; x_wconf 77' lang='lat' dir='ltr'><strong>problema,</strong></span> <span class='ocrx_word' id='word_1_98' title='bbox 2400 771 2510 828; x_wconf 90' lang='lat' dir='ltr'><strong>quod</strong></span> <span class='ocrx_word' id='word_1_99' title='bbox 2530 772 2691 825; x_wconf 77' lang='lat' dir='ltr'><strong>vocant,</strong></span> 
     </span>
     <span class='ocr_line' id='line_1_10' title="bbox 243 839 2693 900; baseline 0.001 -14"><span class='ocrx_word' id='word_1_100' title='bbox 243 856 270 886; x_wconf 91' lang='lat' dir='ltr'><strong>a</strong></span> <span class='ocrx_word' id='word_1_101' title='bbox 302 842 491 900; x_wconf 88' lang='lat' dir='ltr'><strong>Vergilio</strong></span> <span class='ocrx_word' id='word_1_102' title='bbox 524 855 605 886; x_wconf 90' lang='lat' dir='ltr'><strong>non</strong></span> <span class='ocrx_word' id='word_1_103' title='bbox 636 842 836 887; x_wconf 87' lang='lat' dir='ltr'><strong>solutum.</strong></span> <span class='ocrx_word' id='word_1_104' title='bbox 890 843 940 886; x_wconf 92' lang='lat' dir='ltr'><strong>Id</strong></span> <span class='ocrx_word' id='word_1_105' title='bbox 971 843 1080 887; x_wconf 90' lang='lat' dir='ltr'><strong>enim</strong></span> <span class='ocrx_word' id='word_1_106' title='bbox 1111 843 1147 886; x_wconf 90' lang='lat' dir='ltr'><strong>si</strong></span> <span class='ocrx_word' id='word_1_107' title='bbox 1176 841 1255 886; x_wconf 88' lang='lat' dir='ltr'><strong>sibi</strong></span> <span class='ocrx_word' id='word_1_108' title='bbox 1285 840 1498 896; x_wconf 81' lang='lat' dir='ltr'><strong>proposuit</strong></span> <span class='ocrx_word' id='word_1_109' title='bbox 1519 839 1716 885; x_wconf 76' lang='lat' dir='ltr'><strong>Aeneidis</strong></span> <span class='ocrx_word' id='word_1_110' title='bbox 1746 843 1904 896; x_wconf 80' lang='lat' dir='ltr'>auctor,</span> <span class='ocrx_word' id='word_1_111' title='bbox 1937 845 1987 888; x_wconf 93' lang='lat' dir='ltr'><strong>ut</strong></span> <span class='ocrx_word' id='word_1_112' title='bbox 2017 843 2319 889; x_wconf 87' lang='lat' dir='ltr'><strong>demonstraret</strong></span> <span class='ocrx_word' id='word_1_113' title='bbox 2346 844 2545 889; x_wconf 88' lang='lat' dir='ltr'><strong>Iunonem</strong></span> <span class='ocrx_word' id='word_1_114' title='bbox 2573 843 2693 889; x_wconf 91' lang='lat' dir='ltr'><strong>initio</strong></span> 
     </span>
     <span class='ocr_line' id='line_1_11' title="bbox 244 911 2692 974; baseline 0 -14"><span class='ocrx_word' id='word_1_115' title='bbox 244 914 389 960; x_wconf 81' lang='lat' dir='ltr'><strong>cedere</strong></span> <span class='ocrx_word' id='word_1_116' title='bbox 420 915 616 969; x_wconf 76' lang='lat' dir='ltr'><strong>nesciam,</strong></span> <span class='ocrx_word' id='word_1_117' title='bbox 656 916 865 971; x_wconf 89' lang='lat' dir='ltr'><strong>postremo</strong></span> <span class='ocrx_word' id='word_1_118' title='bbox 905 915 1028 960; x_wconf 89' lang='lat' dir='ltr'><strong>certis</strong></span> <span class='ocrx_word' id='word_1_119' title='bbox 1065 913 1308 971; x_wconf 90' lang='lat' dir='ltr'><strong>quibusdam</strong></span> <span class='ocrx_word' id='word_1_120' title='bbox 1346 912 1651 957; x_wconf 82' lang='lat' dir='ltr'><strong>condicionibus</strong></span> <span class='ocrx_word' id='word_1_121' title='bbox 1692 913 1798 957; x_wconf 87' lang='lat' dir='ltr'><strong>iram</strong></span> <span class='ocrx_word' id='word_1_122' title='bbox 1838 915 1882 958; x_wconf 88' lang='lat' dir='ltr'><strong>et</strong></span> <span class='ocrx_word' id='word_1_123' title='bbox 1918 914 2110 959; x_wconf 89' lang='lat' dir='ltr'><strong>iniuriam</strong></span> <span class='ocrx_word' id='word_1_124' title='bbox 2149 911 2268 960; x_wconf 88' lang='lat' dir='ltr'><strong>suam</strong></span> <span class='ocrx_word' id='word_1_125' title='bbox 2300 916 2548 961; x_wconf 79' lang='lat' dir='ltr'><strong>condonasse</strong></span> <span class='ocrx_word' id='word_1_126' title='bbox 2577 916 2692 974; x_wconf 86' lang='lat' dir='ltr'><strong>genti</strong></span> 
     </span>
     <span class='ocr_line' id='line_1_12' title="bbox 243 985 2689 1044; baseline 0 -13"><span class='ocrx_word' id='word_1_127' title='bbox 243 987 470 1041; x_wconf 84' lang='lat' dir='ltr'><strong>Romanae,</strong></span> <span class='ocrx_word' id='word_1_128' title='bbox 503 987 742 1031; x_wconf 86' lang='lat' dir='ltr'><strong>admirabili</strong></span> <span class='ocrx_word' id='word_1_129' title='bbox 773 987 991 1044; x_wconf 87' lang='lat' dir='ltr'><strong>divinaque</strong></span> <span class='ocrx_word' id='word_1_130' title='bbox 1011 989 1111 1039; x_wconf 81' lang='lat' dir='ltr'><strong>arte,</strong></span> <span class='ocrx_word' id='word_1_131' title='bbox 1143 986 1250 1042; x_wconf 92' lang='lat' dir='ltr'><strong>quod</strong></span> <span class='ocrx_word' id='word_1_132' title='bbox 1279 985 1413 1028; x_wconf 89' lang='lat' dir='ltr'><strong>auimo</strong></span> <span class='ocrx_word' id='word_1_133' title='bbox 1434 985 1679 1036; x_wconf 72' lang='lat' dir='ltr'><strong>intenderat,</strong></span> <span class='ocrx_word' id='word_1_134' title='bbox 1713 987 1955 1029; x_wconf 88' lang='lat' dir='ltr'><strong>consecutus</strong></span> <span class='ocrx_word' id='word_1_135' title='bbox 1986 988 2102 1039; x_wconf 82' lang='lat' dir='ltr'><strong>est.³)</strong></span> <span class='ocrx_word' id='word_1_136' title='bbox 2157 986 2306 1031; x_wconf 77' lang='lat' dir='ltr'><strong>Censet</strong></span> <span class='ocrx_word' id='word_1_137' title='bbox 2336 990 2477 1032; x_wconf 91' lang='lat' dir='ltr'><strong>autem</strong></span> <span class='ocrx_word' id='word_1_138' title='bbox 2497 987 2689 1032; x_wconf 81' lang='lat' dir='ltr'><strong>Struvins</strong></span> 
     </span>
     <span class='ocr_line' id='line_1_13' title="bbox 242 1056 2693 1116; baseline 0.001 -14"><span class='ocrx_word' id='word_1_139' title='bbox 242 1060 338 1103; x_wconf 83' lang='lat' dir='ltr'><strong>vivo</strong></span> <span class='ocrx_word' id='word_1_140' title='bbox 369 1059 557 1116; x_wconf 88' lang='lat' dir='ltr'><strong>Vergilio</strong></span> <span class='ocrx_word' id='word_1_141' title='bbox 588 1059 813 1102; x_wconf 85' lang='lat' dir='ltr'><strong>Aeneidem</strong></span> <span class='ocrx_word' id='word_1_142' title='bbox 838 1058 1015 1102; x_wconf 90' lang='lat' dir='ltr'><strong>Horatio</strong></span> <span class='ocrx_word' id='word_1_143' title='bbox 1045 1071 1207 1114; x_wconf 89' lang='lat' dir='ltr'><strong>prorsus</strong></span> <span class='ocrx_word' id='word_1_144' title='bbox 1237 1056 1488 1112; x_wconf 76' lang='lat' dir='ltr'><strong>incognitam</strong></span> <span class='ocrx_word' id='word_1_145' title='bbox 1519 1056 1658 1108; x_wconf 86' lang='lat' dir='ltr'><strong>fuisse,</strong></span> <span class='ocrx_word' id='word_1_146' title='bbox 1691 1069 1816 1112; x_wconf 91' lang='lat' dir='ltr'><strong>qnam</strong></span> <span class='ocrx_word' id='word_1_147' title='bbox 1847 1057 2079 1113; x_wconf 87' lang='lat' dir='ltr'><strong>opinionem</strong></span> <span class='ocrx_word' id='word_1_148' title='bbox 2110 1059 2297 1113; x_wconf 88' lang='lat' dir='ltr'><strong>captiosa</strong></span> <span class='ocrx_word' id='word_1_149' title='bbox 2327 1059 2506 1115; x_wconf 85' lang='lat' dir='ltr'><strong>quadam</strong></span> <span class='ocrx_word' id='word_1_150' title='bbox 2534 1060 2693 1105; x_wconf 87' lang='lat' dir='ltr'><strong>ratione</strong></span> 
     </span>
     <span class='ocr_line' id='line_1_14' title="bbox 245 1126 2700 1188; baseline -0.001 -13"><span class='ocrx_word' id='word_1_151' title='bbox 245 1131 442 1175; x_wconf 81' lang='lat' dir='ltr'><strong>defendit.</strong></span> <span class='ocrx_word' id='word_1_152' title='bbox 508 1132 578 1174; x_wconf 89' lang='lat' dir='ltr'><strong>An</strong></span> <span class='ocrx_word' id='word_1_153' title='bbox 615 1143 711 1174; x_wconf 83' lang='lat' dir='ltr'><strong>vero</strong></span> <span class='ocrx_word' id='word_1_154' title='bbox 743 1129 858 1181; x_wconf 91' lang='lat' dir='ltr'><strong>inde,</strong></span> <span class='ocrx_word' id='word_1_155' title='bbox 898 1130 1008 1184; x_wconf 92' lang='lat' dir='ltr'><strong>quod</strong></span> <span class='ocrx_word' id='word_1_156' title='bbox 1039 1130 1088 1173; x_wconf 93' lang='lat' dir='ltr'><strong>de</strong></span> <span class='ocrx_word' id='word_1_157' title='bbox 1118 1127 1296 1173; x_wconf 88' lang='lat' dir='ltr'><strong>Aeneide</strong></span> <span class='ocrx_word' id='word_1_158' title='bbox 1326 1126 1428 1171; x_wconf 87' lang='lat' dir='ltr'><strong>nihil</strong></span> <span class='ocrx_word' id='word_1_159' title='bbox 1459 1127 1660 1184; x_wconf 88' lang='lat' dir='ltr'><strong>scriptum</strong></span> <span class='ocrx_word' id='word_1_160' title='bbox 1692 1127 1805 1173; x_wconf 85' lang='lat' dir='ltr'><strong>vides</strong></span> <span class='ocrx_word' id='word_1_161' title='bbox 1836 1127 1947 1184; x_wconf 90' lang='lat' dir='ltr'><strong>apud</strong></span> <span class='ocrx_word' id='word_1_162' title='bbox 1977 1127 2222 1181; x_wconf 81' lang='lat' dir='ltr'><strong>Horatium,</strong></span> <span class='ocrx_word' id='word_1_163' title='bbox 2261 1129 2350 1174; x_wconf 90' lang='lat' dir='ltr'><strong>iure</strong></span> <span class='ocrx_word' id='word_1_164' title='bbox 2380 1130 2523 1188; x_wconf 85' lang='lat' dir='ltr'><strong>colligi</strong></span> <span class='ocrx_word' id='word_1_165' title='bbox 2552 1132 2700 1188; x_wconf 83' lang='lat' dir='ltr'><strong>potest.</strong></span> 
     </span>
     <span class='ocr_line' id='line_1_15' title="bbox 243 1198 2697 1260; baseline 0.001 -14"><span class='ocrx_word' id='word_1_166' title='bbox 243 1202 349 1247; x_wconf 87' lang='lat' dir='ltr'><strong>nihil</strong></span> <span class='ocrx_word' id='word_1_167' title='bbox 380 1202 419 1246; x_wconf 92' lang='lat' dir='ltr'><strong>ei</strong></span> <span class='ocrx_word' id='word_1_168' title='bbox 449 1202 708 1260; x_wconf 84' lang='lat' dir='ltr'><strong>exploratum</strong></span> <span class='ocrx_word' id='word_1_169' title='bbox 739 1200 865 1246; x_wconf 85' lang='lat' dir='ltr'><strong>fuisse</strong></span> <span class='ocrx_word' id='word_1_170' title='bbox 896 1201 946 1245; x_wconf 90' lang='lat' dir='ltr'><strong>de</strong></span> <span class='ocrx_word' id='word_1_171' title='bbox 973 1201 1086 1259; x_wconf 91' lang='lat' dir='ltr'><strong>epico</strong></span> <span class='ocrx_word' id='word_1_172' title='bbox 1117 1199 1188 1244; x_wconf 89' lang='lat' dir='ltr'><strong>illo</strong></span> <span class='ocrx_word' id='word_1_173' title='bbox 1219 1199 1428 1244; x_wconf 75' lang='lat' dir='ltr'><strong>carmine?</strong></span> <span class='ocrx_word' id='word_1_174' title='bbox 1469 1198 1553 1243; x_wconf 86' lang='lat' dir='ltr'><strong>Cur</strong></span> <span class='ocrx_word' id='word_1_175' title='bbox 1582 1198 1776 1244; x_wconf 85' lang='lat' dir='ltr'><strong>Aeneidis</strong></span> <span class='ocrx_word' id='word_1_176' title='bbox 1808 1199 2060 1245; x_wconf 89' lang='lat' dir='ltr'><strong>mentionem</strong></span> <span class='ocrx_word' id='word_1_177' title='bbox 2090 1212 2169 1244; x_wconf 91' lang='lat' dir='ltr'><strong>non</strong></span> <span class='ocrx_word' id='word_1_178' title='bbox 2200 1200 2364 1253; x_wconf 88' lang='lat' dir='ltr'><strong>fecerit,</strong></span> <span class='ocrx_word' id='word_1_179' title='bbox 2397 1201 2500 1246; x_wconf 84' lang='lat' dir='ltr'><strong>haec</strong></span> <span class='ocrx_word' id='word_1_180' title='bbox 2529 1215 2697 1260; x_wconf 89' lang='lat' dir='ltr'><strong>quoque</strong></span> 
     </span>
     <span class='ocr_line' id='line_1_16' title="bbox 244 1271 2692 1332; baseline 0 -13"><span class='ocrx_word' id='word_1_181' title='bbox 244 1288 371 1319; x_wconf 90' lang='lat' dir='ltr'><strong>causa</strong></span> <span class='ocrx_word' id='word_1_182' title='bbox 400 1276 537 1318; x_wconf 84' lang='lat' dir='ltr'><strong>afferri</strong></span> <span class='ocrx_word' id='word_1_183' title='bbox 568 1276 719 1330; x_wconf 86' lang='lat' dir='ltr'><strong>potest,</strong></span> <span class='ocrx_word' id='word_1_184' title='bbox 752 1274 863 1329; x_wconf 89' lang='lat' dir='ltr'><strong>quod</strong></span> <span class='ocrx_word' id='word_1_185' title='bbox 885 1274 1082 1331; x_wconf 85' lang='lat' dir='ltr'><strong>Vergilio,</strong></span> <span class='ocrx_word' id='word_1_186' title='bbox 1114 1286 1194 1328; x_wconf 88' lang='lat' dir='ltr'><strong>qua</strong></span> <span class='ocrx_word' id='word_1_187' title='bbox 1215 1274 1301 1316; x_wconf 89' lang='lat' dir='ltr'><strong>erat</strong></span> <span class='ocrx_word' id='word_1_188' title='bbox 1323 1271 1537 1324; x_wconf 89' lang='lat' dir='ltr'><strong>modestia,</strong></span> <span class='ocrx_word' id='word_1_189' title='bbox 1571 1272 1891 1328; x_wconf 88' lang='lat' dir='ltr'><strong>haudquaquam</strong></span> <span class='ocrx_word' id='word_1_190' title='bbox 1912 1274 2081 1329; x_wconf 90' lang='lat' dir='ltr'><strong>gratum</strong></span> <span class='ocrx_word' id='word_1_191' title='bbox 2102 1273 2228 1316; x_wconf 86' lang='lat' dir='ltr'><strong>fuerit</strong></span> <span class='ocrx_word' id='word_1_192' title='bbox 2257 1285 2359 1329; x_wconf 89' lang='lat' dir='ltr'><strong>opus</strong></span> <span class='ocrx_word' id='word_1_193' title='bbox 2388 1286 2524 1327; x_wconf 87' lang='lat' dir='ltr'><strong>suum,</strong></span> <span class='ocrx_word' id='word_1_194' title='bbox 2556 1275 2692 1332; x_wconf 89' lang='lat' dir='ltr'><strong>prius-</strong></span> 
     </span>
     <span class='ocr_line' id='line_1_17' title="bbox 243 1343 2692 1404; baseline 0 -13"><span class='ocrx_word' id='word_1_195' title='bbox 243 1361 371 1404; x_wconf 88' lang='lat' dir='ltr'><strong>quam</strong></span> <span class='ocrx_word' id='word_1_196' title='bbox 402 1347 456 1391; x_wconf 86' lang='lat' dir='ltr'><strong>ad</strong></span> <span class='ocrx_word' id='word_1_197' title='bbox 478 1360 661 1404; x_wconf 87' lang='lat' dir='ltr'><strong>unguem</strong></span> <span class='ocrx_word' id='word_1_198' title='bbox 694 1346 947 1402; x_wconf 89' lang='lat' dir='ltr'><strong>castigatum</strong></span> <span class='ocrx_word' id='word_1_199' title='bbox 968 1345 1236 1401; x_wconf 89' lang='lat' dir='ltr'><strong>omnibusque</strong></span> <span class='ocrx_word' id='word_1_200' title='bbox 1264 1343 1444 1389; x_wconf 88' lang='lat' dir='ltr'><strong>numeris</strong></span> <span class='ocrx_word' id='word_1_201' title='bbox 1465 1344 1705 1389; x_wconf 86' lang='lat' dir='ltr'><strong>absolutum</strong></span> <span class='ocrx_word' id='word_1_202' title='bbox 1726 1346 1846 1398; x_wconf 81' lang='lat' dir='ltr'><strong>esset,</strong></span> <span class='ocrx_word' id='word_1_203' title='bbox 1879 1343 2082 1389; x_wconf 84' lang='lat' dir='ltr'><strong>venditari</strong></span> <span class='ocrx_word' id='word_1_204' title='bbox 2113 1346 2156 1389; x_wconf 89' lang='lat' dir='ltr'><strong>et</strong></span> <span class='ocrx_word' id='word_1_205' title='bbox 2187 1344 2405 1397; x_wconf 81' lang='lat' dir='ltr'><strong>ostentari3</strong></span> <span class='ocrx_word' id='word_1_206' title='bbox 2439 1357 2692 1402; x_wconf 86' lang='lat' dir='ltr'><strong>quamquam</strong></span> 
     </span>
     <span class='ocr_line' id='line_1_18' title="bbox 241 1415 2690 1477; baseline -0.001 -14"><span class='ocrx_word' id='word_1_207' title='bbox 241 1419 377 1477; x_wconf 87' lang='lat' dir='ltr'><strong>igitur</strong></span> <span class='ocrx_word' id='word_1_208' title='bbox 407 1418 632 1471; x_wconf 77' lang='lat' dir='ltr'><strong>Horatius,</strong></span> <span class='ocrx_word' id='word_1_209' title='bbox 665 1418 728 1462; x_wconf 82' lang='lat' dir='ltr'><strong>vir</strong></span> <span class='ocrx_word' id='word_1_210' title='bbox 759 1417 917 1476; x_wconf 88' lang='lat' dir='ltr'><strong>egregii</strong></span> <span class='ocrx_word' id='word_1_211' title='bbox 949 1417 1105 1474; x_wconf 89' lang='lat' dir='ltr'><strong>altique</strong></span> <span class='ocrx_word' id='word_1_212' title='bbox 1135 1416 1304 1468; x_wconf 87' lang='lat' dir='ltr'><strong>silentii,</strong></span> <span class='ocrx_word' id='word_1_213' title='bbox 1342 1415 1446 1459; x_wconf 87' lang='lat' dir='ltr'><strong>nihil</strong></span> <span class='ocrx_word' id='word_1_214' title='bbox 1477 1418 1679 1460; x_wconf 92' lang='lat' dir='ltr'><strong>memorat</strong></span> <span class='ocrx_word' id='word_1_215' title='bbox 1710 1416 1760 1460; x_wconf 91' lang='lat' dir='ltr'><strong>de</strong></span> <span class='ocrx_word' id='word_1_216' title='bbox 1791 1416 1994 1469; x_wconf 86' lang='lat' dir='ltr'><strong>Aeneide,</strong></span> <span class='ocrx_word' id='word_1_217' title='bbox 2034 1418 2173 1460; x_wconf 89' lang='lat' dir='ltr'><strong>tamen</strong></span> <span class='ocrx_word' id='word_1_218' title='bbox 2205 1416 2387 1460; x_wconf 90' lang='lat' dir='ltr'><strong>dubitari</strong></span> <span class='ocrx_word' id='word_1_219' title='bbox 2416 1429 2497 1460; x_wconf 91' lang='lat' dir='ltr'><strong>non</strong></span> <span class='ocrx_word' id='word_1_220' title='bbox 2528 1419 2690 1473; x_wconf 83' lang='lat' dir='ltr'><strong>potest,</strong></span> 
     </span>
     <span class='ocr_line' id='line_1_19' title="bbox 243 1488 2692 1548; baseline -0.001 -13"><span class='ocrx_word' id='word_1_221' title='bbox 243 1491 343 1548; x_wconf 91' lang='lat' dir='ltr'><strong>quin</strong></span> <span class='ocrx_word' id='word_1_222' title='bbox 374 1503 456 1535; x_wconf 92' lang='lat' dir='ltr'><strong>non</strong></span> <span class='ocrx_word' id='word_1_223' title='bbox 487 1490 610 1534; x_wconf 91' lang='lat' dir='ltr'><strong>modo</strong></span> <span class='ocrx_word' id='word_1_224' title='bbox 642 1503 749 1546; x_wconf 91' lang='lat' dir='ltr'><strong>quae</strong></span> <span class='ocrx_word' id='word_1_225' title='bbox 780 1491 917 1534; x_wconf 91' lang='lat' dir='ltr'><strong>essent</strong></span> <span class='ocrx_word' id='word_1_226' title='bbox 948 1490 1078 1545; x_wconf 85' lang='lat' dir='ltr'><strong>operis</strong></span> <span class='ocrx_word' id='word_1_227' title='bbox 1109 1490 1377 1540; x_wconf 88' lang='lat' dir='ltr'><strong>lineamenta,</strong></span> <span class='ocrx_word' id='word_1_228' title='bbox 1418 1488 1490 1532; x_wconf 92' lang='lat' dir='ltr'><strong>sed</strong></span> <span class='ocrx_word' id='word_1_229' title='bbox 1522 1488 1649 1532; x_wconf 89' lang='lat' dir='ltr'><strong>etiam</strong></span> <span class='ocrx_word' id='word_1_230' title='bbox 1688 1489 1892 1544; x_wconf 89' lang='lat' dir='ltr'><strong>quomodo</strong></span> <span class='ocrx_word' id='word_1_231' title='bbox 1923 1489 2110 1547; x_wconf 85' lang='lat' dir='ltr'><strong>singula,</strong></span> <span class='ocrx_word' id='word_1_232' title='bbox 2142 1490 2190 1533; x_wconf 86' lang='lat' dir='ltr'><strong>ut</strong></span> <span class='ocrx_word' id='word_1_233' title='bbox 2219 1489 2281 1533; x_wconf 89' lang='lat' dir='ltr'><strong>ita</strong></span> <span class='ocrx_word' id='word_1_234' title='bbox 2312 1489 2447 1533; x_wconf 88' lang='lat' dir='ltr'><strong>dicam</strong></span> <span class='ocrx_word' id='word_1_235' title='bbox 2462 1522 2472 1542; x_wconf 87' lang='lat'><strong>,</strong></span> <span class='ocrx_word' id='word_1_236' title='bbox 2506 1490 2692 1533; x_wconf 89' lang='lat' dir='ltr'><strong>membra</strong></span> 
     </span>
     <span class='ocr_line' id='line_1_20' title="bbox 243 1560 2694 1619; baseline -0 -12"><span class='ocrx_word' id='word_1_237' title='bbox 243 1563 440 1607; x_wconf 87' lang='lat' dir='ltr'><strong>carminis</strong></span> <span class='ocrx_word' id='word_1_238' title='bbox 479 1564 522 1606; x_wconf 92' lang='lat' dir='ltr'><strong>et</strong></span> <span class='ocrx_word' id='word_1_239' title='bbox 563 1562 860 1606; x_wconf 85' lang='lat' dir='ltr'><strong>excuderentur</strong></span> <span class='ocrx_word' id='word_1_240' title='bbox 901 1564 945 1606; x_wconf 90' lang='lat' dir='ltr'><strong>et</strong></span> <span class='ocrx_word' id='word_1_241' title='bbox 982 1563 1254 1606; x_wconf 87' lang='lat' dir='ltr'><strong>accrescerent</strong></span> <span class='ocrx_word' id='word_1_242' title='bbox 1292 1561 1469 1613; x_wconf 89' lang='lat' dir='ltr'><strong>excusis,</strong></span> <span class='ocrx_word' id='word_1_243' title='bbox 1511 1561 1562 1604; x_wconf 92' lang='lat' dir='ltr'><strong>ab</strong></span> <span class='ocrx_word' id='word_1_244' title='bbox 1605 1560 1693 1616; x_wconf 89' lang='lat' dir='ltr'><strong>ipso</strong></span> <span class='ocrx_word' id='word_1_245' title='bbox 1731 1563 1898 1605; x_wconf 85' lang='lat' dir='ltr'><strong>auctore</strong></span> <span class='ocrx_word' id='word_1_246' title='bbox 1937 1561 2227 1619; x_wconf 78' lang='lat' dir='ltr'><strong>cognoverit.⁴)</strong></span> <span class='ocrx_word' id='word_1_247' title='bbox 2289 1561 2357 1606; x_wconf 90' lang='lat' dir='ltr'><strong>An</strong></span> <span class='ocrx_word' id='word_1_248' title='bbox 2388 1561 2438 1615; x_wconf 90' lang='lat' dir='ltr'><strong>ii,</strong></span> <span class='ocrx_word' id='word_1_249' title='bbox 2479 1562 2551 1617; x_wconf 89' lang='lat' dir='ltr'><strong>qui</strong></span> <span class='ocrx_word' id='word_1_250' title='bbox 2595 1574 2694 1606; x_wconf 85' lang='lat' dir='ltr'><strong>cum</strong></span> 
     </span>
     <span class='ocr_line' id='line_1_21' title="bbox 243 1632 2689 1692; baseline -0 -13"><span class='ocrx_word' id='word_1_251' title='bbox 243 1635 431 1692; x_wconf 89' lang='lat' dir='ltr'><strong>Vergilio</strong></span> <span class='ocrx_word' id='word_1_252' title='bbox 452 1635 592 1679; x_wconf 91' lang='lat' dir='ltr'><strong>minus</strong></span> <span class='ocrx_word' id='word_1_253' title='bbox 614 1634 831 1679; x_wconf 89' lang='lat' dir='ltr'><strong>coniuncte</strong></span> <span class='ocrx_word' id='word_1_254' title='bbox 851 1635 1057 1686; x_wconf 81' lang='lat' dir='ltr'><strong>vivebant,</strong></span> <span class='ocrx_word' id='word_1_255' title='bbox 1089 1633 1199 1677; x_wconf 90' lang='lat' dir='ltr'><strong>haud</strong></span> <span class='ocrx_word' id='word_1_256' title='bbox 1220 1633 1463 1690; x_wconf 82' lang='lat' dir='ltr'><strong>ignorabant</strong></span> <span class='ocrx_word' id='word_1_257' title='bbox 1493 1633 1535 1676; x_wconf 93' lang='lat' dir='ltr'><strong>in</strong></span> <span class='ocrx_word' id='word_1_258' title='bbox 1566 1645 1686 1689; x_wconf 87' lang='lat' dir='ltr'><strong>opere</strong></span> <span class='ocrx_word' id='word_1_259' title='bbox 1706 1632 1780 1677; x_wconf 92' lang='lat' dir='ltr'><strong>illo</strong></span> <span class='ocrx_word' id='word_1_260' title='bbox 1800 1632 2001 1677; x_wconf 85' lang='lat' dir='ltr'><strong>exarando</strong></span> <span class='ocrx_word' id='word_1_261' title='bbox 2023 1633 2177 1678; x_wconf 84' lang='lat' dir='ltr'><strong>versari</strong></span> <span class='ocrx_word' id='word_1_262' title='bbox 2196 1634 2423 1690; x_wconf 72' lang='lat' dir='ltr'><strong>poetam:³)</strong></span> <span class='ocrx_word' id='word_1_263' title='bbox 2454 1634 2689 1686; x_wconf 85' lang='lat' dir='ltr'><strong>Horatium,</strong></span> 
     </span>
     <span class='ocr_line' id='line_1_22' title="bbox 243 1705 2692 1764; baseline 0 -13"><span class='ocrx_word' id='word_1_264' title='bbox 243 1707 315 1764; x_wconf 91' lang='lat' dir='ltr'><strong>qui</strong></span> <span class='ocrx_word' id='word_1_265' title='bbox 354 1709 607 1763; x_wconf 86' lang='lat' dir='ltr'><strong>quantopere</strong></span> <span class='ocrx_word' id='word_1_266' title='bbox 639 1706 874 1763; x_wconf 90' lang='lat' dir='ltr'><strong>Vergilium</strong></span> <span class='ocrx_word' id='word_1_267' title='bbox 914 1708 956 1750; x_wconf 91' lang='lat' dir='ltr'><strong>et</strong></span> <span class='ocrx_word' id='word_1_268' title='bbox 995 1708 1154 1749; x_wconf 89' lang='lat' dir='ltr'><strong>amaret</strong></span> <span class='ocrx_word' id='word_1_269' title='bbox 1193 1709 1235 1749; x_wconf 87' lang='lat' dir='ltr'><strong>et</strong></span> <span class='ocrx_word' id='word_1_270' title='bbox 1271 1705 1592 1761; x_wconf 84' lang='lat' dir='ltr'><strong>amplecteretur</strong></span> <span class='ocrx_word' id='word_1_271' title='bbox 1630 1707 1718 1749; x_wconf 90' lang='lat' dir='ltr'><strong>tam</strong></span> <span class='ocrx_word' id='word_1_272' title='bbox 1756 1705 1911 1748; x_wconf 89' lang='lat' dir='ltr'><strong>sincere</strong></span> <span class='ocrx_word' id='word_1_273' title='bbox 1950 1718 2076 1761; x_wconf 92' lang='lat' dir='ltr'><strong>quam</strong></span> <span class='ocrx_word' id='word_1_274' title='bbox 2106 1707 2277 1750; x_wconf 82' lang='lat' dir='ltr'><strong>venuste</strong></span> <span class='ocrx_word' id='word_1_275' title='bbox 2307 1719 2405 1762; x_wconf 91' lang='lat' dir='ltr'><strong>prae</strong></span> <span class='ocrx_word' id='word_1_276' title='bbox 2435 1720 2479 1750; x_wconf 91' lang='lat' dir='ltr'><strong>se</strong></span> <span class='ocrx_word' id='word_1_277' title='bbox 2509 1706 2692 1759; x_wconf 79' lang='lat' dir='ltr'><strong>ferebat,</strong></span> 
     </span>
     <span class='ocr_line' id='line_1_23' title="bbox 241 1777 2689 1836; baseline -0 -13"><span class='ocrx_word' id='word_1_278' title='bbox 241 1779 346 1823; x_wconf 88' lang='lat' dir='ltr'><strong>nihil</strong></span> <span class='ocrx_word' id='word_1_279' title='bbox 379 1779 431 1823; x_wconf 88' lang='lat' dir='ltr'><strong>de</strong></span> <span class='ocrx_word' id='word_1_280' title='bbox 462 1779 646 1823; x_wconf 86' lang='lat' dir='ltr'><strong>Aeneide</strong></span> <span class='ocrx_word' id='word_1_281' title='bbox 679 1778 894 1836; x_wconf 88' lang='lat' dir='ltr'><strong>cognitum</strong></span> <span class='ocrx_word' id='word_1_282' title='bbox 926 1778 1116 1822; x_wconf 87' lang='lat' dir='ltr'><strong>habuisse</strong></span> <span class='ocrx_word' id='word_1_283' title='bbox 1147 1778 1429 1821; x_wconf 79' lang='lat' dir='ltr'><strong>censebimus?</strong></span> <span class='ocrx_word' id='word_1_284' title='bbox 1491 1777 1600 1831; x_wconf 81' lang='lat' dir='ltr'><strong>Quid</strong></span> <span class='ocrx_word' id='word_1_285' title='bbox 1632 1790 1751 1833; x_wconf 89' lang='lat' dir='ltr'><strong>porro</strong></span> <span class='ocrx_word' id='word_1_286' title='bbox 1783 1779 1859 1828; x_wconf 79' lang='lat' dir='ltr'><strong>est,</strong></span> <span class='ocrx_word' id='word_1_287' title='bbox 1893 1777 2002 1833; x_wconf 90' lang='lat' dir='ltr'><strong>quod</strong></span> <span class='ocrx_word' id='word_1_288' title='bbox 2032 1779 2226 1834; x_wconf 89' lang='lat' dir='ltr'><strong>putemus</strong></span> <span class='ocrx_word' id='word_1_289' title='bbox 2258 1777 2491 1834; x_wconf 87' lang='lat' dir='ltr'><strong>Vergilium</strong></span> <span class='ocrx_word' id='word_1_290' title='bbox 2523 1779 2689 1823; x_wconf 84' lang='lat' dir='ltr'><strong>amicis-</strong></span> 
     </span>
     <span class='ocr_line' id='line_1_24' title="bbox 242 1849 2690 1907; baseline -0 -12"><span class='ocrx_word' id='word_1_291' title='bbox 242 1852 361 1896; x_wconf 88' lang='lat' dir='ltr'><strong>simis</strong></span> <span class='ocrx_word' id='word_1_292' title='bbox 399 1852 486 1895; x_wconf 88' lang='lat' dir='ltr'><strong>suis</strong></span> <span class='ocrx_word' id='word_1_293' title='bbox 525 1864 605 1894; x_wconf 91' lang='lat' dir='ltr'><strong>non</strong></span> <span class='ocrx_word' id='word_1_294' title='bbox 648 1850 845 1894; x_wconf 86' lang='lat' dir='ltr'><strong>recitasse</strong></span> <span class='ocrx_word' id='word_1_295' title='bbox 884 1852 926 1894; x_wconf 88' lang='lat' dir='ltr'><strong>et</strong></span> <span class='ocrx_word' id='word_1_296' title='bbox 967 1850 1150 1907; x_wconf 89' lang='lat' dir='ltr'><strong>singulas</strong></span> <span class='ocrx_word' id='word_1_297' title='bbox 1186 1851 1322 1906; x_wconf 87' lang='lat' dir='ltr'><strong>partes</strong></span> <span class='ocrx_word' id='word_1_298' title='bbox 1352 1850 1546 1893; x_wconf 88' lang='lat' dir='ltr'><strong>Aeneidis</strong></span> <span class='ocrx_word' id='word_1_299' title='bbox 1587 1851 1629 1893; x_wconf 90' lang='lat' dir='ltr'><strong>et</strong></span> <span class='ocrx_word' id='word_1_300' title='bbox 1659 1851 1797 1893; x_wconf 88' lang='lat' dir='ltr'><strong>totum</strong></span> <span class='ocrx_word' id='word_1_301' title='bbox 1829 1862 2012 1902; x_wconf 89' lang='lat' dir='ltr'><strong>carmen,</strong></span> <span class='ocrx_word' id='word_1_302' title='bbox 2045 1850 2088 1893; x_wconf 94' lang='lat' dir='ltr'><strong>id</strong></span> <span class='ocrx_word' id='word_1_303' title='bbox 2118 1849 2228 1906; x_wconf 91' lang='lat' dir='ltr'><strong>quod</strong></span> <span class='ocrx_word' id='word_1_304' title='bbox 2259 1852 2402 1906; x_wconf 73' lang='lat' dir='ltr'><strong>poetas</strong></span> <span class='ocrx_word' id='word_1_305' title='bbox 2433 1852 2526 1894; x_wconf 90' lang='lat' dir='ltr'><strong>tum</strong></span> <span class='ocrx_word' id='word_1_306' title='bbox 2556 1851 2690 1894; x_wconf 84' lang='lat' dir='ltr'><strong>facere</strong></span> 
     </span>
     <span class='ocr_line' id='line_1_25' title="bbox 242 1922 2691 1979; baseline -0 -11"><span class='ocrx_word' id='word_1_307' title='bbox 242 1924 388 1968; x_wconf 89' lang='lat' dir='ltr'><strong>solitos</strong></span> <span class='ocrx_word' id='word_1_308' title='bbox 419 1936 507 1967; x_wconf 87' lang='lat' dir='ltr'><strong>esse</strong></span> <span class='ocrx_word' id='word_1_309' title='bbox 538 1923 641 1967; x_wconf 90' lang='lat' dir='ltr'><strong>satis</strong></span> <span class='ocrx_word' id='word_1_310' title='bbox 673 1924 904 1972; x_wconf 75' lang='lat' dir='ltr'><strong>constat?⁶)</strong></span> <span class='ocrx_word' id='word_1_311' title='bbox 965 1922 1030 1966; x_wconf 85' lang='lat' dir='ltr'><strong>Ne</strong></span> <span class='ocrx_word' id='word_1_312' title='bbox 1060 1922 1164 1965; x_wconf 93' lang='lat' dir='ltr'><strong>illud</strong></span> <span class='ocrx_word' id='word_1_313' title='bbox 1194 1922 1376 1977; x_wconf 87' lang='lat' dir='ltr'><strong>quidem,</strong></span> <span class='ocrx_word' id='word_1_314' title='bbox 1409 1922 1519 1978; x_wconf 92' lang='lat' dir='ltr'><strong>quod</strong></span> <span class='ocrx_word' id='word_1_315' title='bbox 1551 1922 1735 1978; x_wconf 86' lang='lat' dir='ltr'><strong>Vergilio</strong></span> <span class='ocrx_word' id='word_1_316' title='bbox 1774 1923 1937 1966; x_wconf 91' lang='lat' dir='ltr'><strong>mortuo</strong></span> <span class='ocrx_word' id='word_1_317' title='bbox 1969 1922 2019 1965; x_wconf 93' lang='lat' dir='ltr'><strong>de</strong></span> <span class='ocrx_word' id='word_1_318' title='bbox 2050 1922 2230 1966; x_wconf 89' lang='lat' dir='ltr'><strong>Aeneide</strong></span> <span class='ocrx_word' id='word_1_319' title='bbox 2260 1936 2340 1966; x_wconf 91' lang='lat' dir='ltr'><strong>nou</strong></span> <span class='ocrx_word' id='word_1_320' title='bbox 2371 1923 2579 1979; x_wconf 90' lang='lat' dir='ltr'><strong>loquitur,</strong></span> <span class='ocrx_word' id='word_1_321' title='bbox 2619 1923 2691 1967; x_wconf 88' lang='lat' dir='ltr'><strong>sed</strong></span> 
     </span>
     <span class='ocr_line' id='line_1_26' title="bbox 240 1993 2690 2051; baseline -0 -10"><span class='ocrx_word' id='word_1_322' title='bbox 240 1996 346 2041; x_wconf 88' lang='lat' dir='ltr'><strong>satis</strong></span> <span class='ocrx_word' id='word_1_323' title='bbox 376 1996 505 2040; x_wconf 89' lang='lat' dir='ltr'><strong>habet</strong></span> <span class='ocrx_word' id='word_1_324' title='bbox 534 1994 944 2039; x_wconf 88' lang='lat' dir='ltr'><strong>honorificentissime</strong></span> <span class='ocrx_word' id='word_1_325' title='bbox 976 1993 1206 2051; x_wconf 89' lang='lat' dir='ltr'><strong>Vergilium</strong></span> <span class='ocrx_word' id='word_1_326' title='bbox 1237 1994 1592 2049; x_wconf 51' lang='lat' dir='ltr'><strong>commemorare&amp;</strong></span> <span class='ocrx_word' id='word_1_327' title='bbox 1624 1993 1862 2039; x_wconf 83' lang='lat' dir='ltr'><strong>testimonio</strong></span> <span class='ocrx_word' id='word_1_328' title='bbox 1894 2007 1981 2039; x_wconf 89' lang='lat' dir='ltr'><strong>esse</strong></span> <span class='ocrx_word' id='word_1_329' title='bbox 2013 1994 2136 2039; x_wconf 88' lang='lat' dir='ltr'><strong>debet</strong></span> <span class='ocrx_word' id='word_1_330' title='bbox 2165 1994 2339 2040; x_wconf 88' lang='lat' dir='ltr'><strong>Horatio</strong></span> <span class='ocrx_word' id='word_1_331' title='bbox 2369 1994 2594 2040; x_wconf 86' lang='lat' dir='ltr'><strong>Aeneidem</strong></span> <span class='ocrx_word' id='word_1_332' title='bbox 2624 1995 2690 2040; x_wconf 90' lang='lat' dir='ltr'><strong>in-</strong></span> 
     </span>
     <span class='ocr_line' id='line_1_27' title="bbox 241 2066 2693 2124; baseline -0 -12"><span class='ocrx_word' id='word_1_333' title='bbox 241 2068 455 2124; x_wconf 85' lang='lat' dir='ltr'><strong>cognitam</strong></span> <span class='ocrx_word' id='word_1_334' title='bbox 486 2067 628 2110; x_wconf 81' lang='lat' dir='ltr'><strong>fuisse.</strong></span> <span class='ocrx_word' id='word_1_335' title='bbox 694 2066 811 2110; x_wconf 92' lang='lat' dir='ltr'><strong>Adeo</strong></span> <span class='ocrx_word' id='word_1_336' title='bbox 842 2066 885 2109; x_wconf 92' lang='lat' dir='ltr'><strong>in</strong></span> <span class='ocrx_word' id='word_1_337' title='bbox 906 2066 1090 2109; x_wconf 91' lang='lat' dir='ltr'><strong>omnium</strong></span> <span class='ocrx_word' id='word_1_338' title='bbox 1121 2079 1188 2109; x_wconf 91' lang='lat' dir='ltr'><strong>ore</strong></span> <span class='ocrx_word' id='word_1_339' title='bbox 1218 2069 1305 2110; x_wconf 87' lang='lat' dir='ltr'><strong>erat</strong></span> <span class='ocrx_word' id='word_1_340' title='bbox 1325 2066 1535 2122; x_wconf 90' lang='lat' dir='ltr'><strong>Vergilius</strong></span> <span class='ocrx_word' id='word_1_341' title='bbox 1567 2066 1749 2110; x_wconf 86' lang='lat' dir='ltr'><strong>confecto</strong></span> <span class='ocrx_word' id='word_1_342' title='bbox 1780 2066 1854 2110; x_wconf 92' lang='lat' dir='ltr'><strong>illo</strong></span> <span class='ocrx_word' id='word_1_343' title='bbox 1885 2079 2019 2122; x_wconf 89' lang='lat' dir='ltr'><strong>opere,</strong></span> <span class='ocrx_word' id='word_1_344' title='bbox 2052 2080 2162 2122; x_wconf 86' lang='lat' dir='ltr'><strong>„quo</strong></span> <span class='ocrx_word' id='word_1_345' title='bbox 2193 2067 2355 2111; x_wconf 91' lang='lat' dir='ltr'><strong>nullum</strong></span> <span class='ocrx_word' id='word_1_346' title='bbox 2386 2067 2508 2111; x_wconf 87' lang='lat' dir='ltr'><strong>Latio</strong></span> <span class='ocrx_word' id='word_1_347' title='bbox 2540 2068 2693 2111; x_wconf 89' lang='lat' dir='ltr'><strong>clarius</strong></span> 
     </span>
     <span class='ocr_line' id='line_1_28' title="bbox 240 2137 2696 2196; baseline 0.001 -12"><span class='ocrx_word' id='word_1_348' title='bbox 240 2140 377 2185; x_wconf 88' lang='lat' dir='ltr'><strong>exstat</strong></span> <span class='ocrx_word' id='word_1_349' title='bbox 406 2140 597 2195; x_wconf 82' lang='lat' dir='ltr'><strong>opus,“⁸)</strong></span> <span class='ocrx_word' id='word_1_350' title='bbox 619 2138 670 2182; x_wconf 90' lang='lat' dir='ltr'><strong>ut</strong></span> <span class='ocrx_word' id='word_1_351' title='bbox 688 2137 790 2182; x_wconf 88' lang='lat' dir='ltr'><strong>satis</strong></span> <span class='ocrx_word' id='word_1_352' title='bbox 812 2138 920 2182; x_wconf 88' lang='lat' dir='ltr'><strong>esset</strong></span> <span class='ocrx_word' id='word_1_353' title='bbox 940 2149 1087 2181; x_wconf 89' lang='lat' dir='ltr'><strong>nomen</strong></span> <span class='ocrx_word' id='word_1_354' title='bbox 1107 2137 1193 2181; x_wconf 92' lang='lat' dir='ltr'><strong>eius</strong></span> <span class='ocrx_word' id='word_1_355' title='bbox 1212 2138 1428 2194; x_wconf 89' lang='lat' dir='ltr'><strong>appellare.</strong></span> <span class='ocrx_word' id='word_1_356' title='bbox 1481 2137 1670 2191; x_wconf 85' lang='lat' dir='ltr'><strong>Accedit,</strong></span> <span class='ocrx_word' id='word_1_357' title='bbox 1702 2137 1811 2194; x_wconf 91' lang='lat' dir='ltr'><strong>quod</strong></span> <span class='ocrx_word' id='word_1_358' title='bbox 1832 2138 1985 2182; x_wconf 89' lang='lat' dir='ltr'><strong>scimus</strong></span> <span class='ocrx_word' id='word_1_359' title='bbox 2006 2150 2111 2182; x_wconf 90' lang='lat' dir='ltr'><strong>anno</strong></span> <span class='ocrx_word' id='word_1_360' title='bbox 2134 2140 2159 2182; x_wconf 85' lang='grc'><strong>7</strong></span> <span class='ocrx_word' id='word_1_361' title='bbox 2164 2139 2221 2183; x_wconf 84' lang='grc'><strong>32</strong></span> <span class='ocrx_word' id='word_1_362' title='bbox 2243 2138 2436 2196; x_wconf 85' lang='lat' dir='ltr'><strong>Augusto</strong></span> <span class='ocrx_word' id='word_1_363' title='bbox 2457 2138 2696 2196; x_wconf 75' lang='lat' dir='ltr'><strong>Vergilium.</strong></span> 
     </span>
    </p>
   </div>
   <div class='ocr_carea' id='block_1_6' title="bbox 229 2209 2690 2270">
    <p class='ocr_par' dir='ltr' id='par_1_6' title="bbox 229 2209 2690 2270">
     <span class='ocr_line' id='line_1_29' title="bbox 229 2209 2690 2270; baseline -0.001 -14"><span class='ocrx_word' id='word_1_364' title='bbox 229 2212 396 2270; x_wconf 12' lang='lat' dir='ltr'><strong>*librum</strong></span> <span class='ocrx_word' id='word_1_365' title='bbox 426 2210 677 2263; x_wconf 87' lang='lat' dir='ltr'><strong>secundum,</strong></span> <span class='ocrx_word' id='word_1_366' title='bbox 711 2209 924 2266; x_wconf 87' lang='lat' dir='ltr'><strong>quintum,</strong></span> <span class='ocrx_word' id='word_1_367' title='bbox 957 2211 1119 2254; x_wconf 89' lang='lat' dir='ltr'><strong>sextum</strong></span> <span class='ocrx_word' id='word_1_368' title='bbox 1148 2211 1359 2263; x_wconf 87' lang='lat' dir='ltr'><strong>recitasse,</strong></span> <span class='ocrx_word' id='word_1_369' title='bbox 1392 2212 1467 2254; x_wconf 86' lang='lat' dir='ltr'><strong>aut</strong></span> <span class='ocrx_word' id='word_1_370' title='bbox 1497 2211 1546 2254; x_wconf 91' lang='lat' dir='ltr'><strong>ut</strong></span> <span class='ocrx_word' id='word_1_371' title='bbox 1576 2210 1649 2253; x_wconf 89' lang='lat' dir='ltr'><strong>alii</strong></span> <span class='ocrx_word' id='word_1_372' title='bbox 1679 2209 1961 2262; x_wconf 87' lang='lat' dir='ltr'><strong>tradiderunt,</strong></span> <span class='ocrx_word' id='word_1_373' title='bbox 1993 2210 2196 2266; x_wconf 90' lang='lat' dir='ltr'><strong>primum,</strong></span> <span class='ocrx_word' id='word_1_374' title='bbox 2239 2211 2437 2263; x_wconf 86' lang='lat' dir='ltr'><strong>tertium,</strong></span> <span class='ocrx_word' id='word_1_375' title='bbox 2478 2213 2690 2266; x_wconf 82' lang='lat' dir='ltr'><strong>quartum,</strong></span> 
     </span>
    </p>
   </div>
   <div class='ocr_carea' id='block_1_7' title="bbox 237 2282 2695 2558">
    <p class='ocr_par' dir='ltr' id='par_1_7' title="bbox 237 2282 2695 2558">
     <span class='ocr_line' id='line_1_30' title="bbox 238 2282 2689 2342; baseline 0 -14"><span class='ocrx_word' id='word_1_376' title='bbox 238 2286 462 2342; x_wconf 85' lang='lat' dir='ltr'><strong>postquam</strong></span> <span class='ocrx_word' id='word_1_377' title='bbox 493 2283 578 2327; x_wconf 91' lang='lat' dir='ltr'><strong>iam</strong></span> <span class='ocrx_word' id='word_1_378' title='bbox 610 2284 703 2326; x_wconf 92' lang='lat' dir='ltr'><strong>octo</strong></span> <span class='ocrx_word' id='word_1_379' title='bbox 736 2295 863 2325; x_wconf 89' lang='lat' dir='ltr'><strong>annos</strong></span> <span class='ocrx_word' id='word_1_380' title='bbox 894 2283 936 2325; x_wconf 94' lang='lat' dir='ltr'><strong>in</strong></span> <span class='ocrx_word' id='word_1_381' title='bbox 968 2295 1087 2338; x_wconf 87' lang='lat' dir='ltr'><strong>opere</strong></span> <span class='ocrx_word' id='word_1_382' title='bbox 1116 2283 1358 2338; x_wconf 91' lang='lat' dir='ltr'><strong>perficiendo</strong></span> <span class='ocrx_word' id='word_1_383' title='bbox 1391 2284 1713 2339; x_wconf 84' lang='lat' dir='ltr'><strong>consumpserat.</strong></span> <span class='ocrx_word' id='word_1_384' title='bbox 1766 2282 1855 2326; x_wconf 89' lang='lat' dir='ltr'><strong>Hos</strong></span> <span class='ocrx_word' id='word_1_385' title='bbox 1886 2283 2039 2328; x_wconf 89' lang='lat' dir='ltr'><strong>saltem</strong></span> <span class='ocrx_word' id='word_1_386' title='bbox 2069 2282 2209 2336; x_wconf 82' lang='lat' dir='ltr'><strong>libros,</strong></span> <span class='ocrx_word' id='word_1_387' title='bbox 2241 2282 2284 2326; x_wconf 93' lang='lat' dir='ltr'><strong>in</strong></span> <span class='ocrx_word' id='word_1_388' title='bbox 2316 2283 2464 2339; x_wconf 89' lang='lat' dir='ltr'><strong>quibus</strong></span> <span class='ocrx_word' id='word_1_389' title='bbox 2485 2283 2689 2338; x_wconf 90' lang='lat' dir='ltr'><strong>quomodo</strong></span> 
     </span>
     <span class='ocr_line' id='line_1_31' title="bbox 238 2354 2695 2414; baseline -0.002 -12"><span class='ocrx_word' id='word_1_390' title='bbox 238 2357 453 2414; x_wconf 85' lang='lat' dir='ltr'><strong>problema</strong></span> <span class='ocrx_word' id='word_1_391' title='bbox 483 2355 588 2400; x_wconf 94' lang='lat' dir='ltr'><strong>illud</strong></span> <span class='ocrx_word' id='word_1_392' title='bbox 602 2389 612 2406; x_wconf 85' lang='lat'><strong>,</strong></span> <span class='ocrx_word' id='word_1_393' title='bbox 647 2354 758 2411; x_wconf 90' lang='lat' dir='ltr'><strong>quod</strong></span> <span class='ocrx_word' id='word_1_394' title='bbox 789 2367 914 2411; x_wconf 88' lang='lat' dir='ltr'><strong>supra</strong></span> <span class='ocrx_word' id='word_1_395' title='bbox 946 2355 1278 2408; x_wconf 82' lang='lat' dir='ltr'><strong>commemoravi,</strong></span> <span class='ocrx_word' id='word_1_396' title='bbox 1309 2355 1572 2412; x_wconf 87' lang='lat' dir='ltr'><strong>expediturus</strong></span> <span class='ocrx_word' id='word_1_397' title='bbox 1603 2356 1712 2399; x_wconf 89' lang='lat' dir='ltr'><strong>esset</strong></span> <span class='ocrx_word' id='word_1_398' title='bbox 1741 2354 1853 2399; x_wconf 87' lang='lat' dir='ltr'><strong>haud</strong></span> <span class='ocrx_word' id='word_1_399' title='bbox 1875 2354 2046 2399; x_wconf 89' lang='lat' dir='ltr'><strong>obscure</strong></span> <span class='ocrx_word' id='word_1_400' title='bbox 2067 2354 2393 2411; x_wconf 83' lang='lat' dir='ltr'><strong>adumbravit,⁰)</strong></span> <span class='ocrx_word' id='word_1_401' title='bbox 2415 2354 2572 2399; x_wconf 89' lang='lat' dir='ltr'><strong>intimis</strong></span> <span class='ocrx_word' id='word_1_402' title='bbox 2603 2355 2695 2399; x_wconf 84' lang='lat' dir='ltr'><strong>suis.</strong></span> 
     </span>
     <span class='ocr_line' id='line_1_32' title="bbox 237 2426 2689 2485; baseline -0.001 -11"><span class='ocrx_word' id='word_1_403' title='bbox 237 2430 433 2474; x_wconf 87' lang='lat' dir='ltr'><strong>recitasse</strong></span> <span class='ocrx_word' id='word_1_404' title='bbox 472 2429 564 2484; x_wconf 93' lang='lat' dir='ltr'><strong>quis</strong></span> <span class='ocrx_word' id='word_1_405' title='bbox 604 2429 757 2483; x_wconf 78' lang='lat' dir='ltr'><strong>neget?</strong></span> <span class='ocrx_word' id='word_1_406' title='bbox 819 2427 1035 2471; x_wconf 89' lang='lat' dir='ltr'><strong>Postremo</strong></span> <span class='ocrx_word' id='word_1_407' title='bbox 1073 2427 1166 2483; x_wconf 89' lang='lat' dir='ltr'><strong>plus</strong></span> <span class='ocrx_word' id='word_1_408' title='bbox 1206 2441 1328 2483; x_wconf 92' lang='lat' dir='ltr'><strong>quam</strong></span> <span class='ocrx_word' id='word_1_409' title='bbox 1367 2441 1414 2471; x_wconf 87' lang='lat' dir='ltr'><strong>ex</strong></span> <span class='ocrx_word' id='word_1_410' title='bbox 1453 2440 1534 2471; x_wconf 91' lang='lat' dir='ltr'><strong>uno</strong></span> <span class='ocrx_word' id='word_1_411' title='bbox 1577 2427 1757 2471; x_wconf 90' lang='lat' dir='ltr'><strong>carmine</strong></span> <span class='ocrx_word' id='word_1_412' title='bbox 1787 2427 1952 2472; x_wconf 90' lang='lat' dir='ltr'><strong>Horatii</strong></span> <span class='ocrx_word' id='word_1_413' title='bbox 1994 2428 2183 2485; x_wconf 86' lang='lat' dir='ltr'><strong>cognosci</strong></span> <span class='ocrx_word' id='word_1_414' title='bbox 2222 2429 2361 2483; x_wconf 90' lang='lat' dir='ltr'><strong>potest</strong></span> <span class='ocrx_word' id='word_1_415' title='bbox 2391 2426 2619 2472; x_wconf 86' lang='lat' dir='ltr'><strong>Aeneidem</strong></span> <span class='ocrx_word' id='word_1_416' title='bbox 2651 2429 2689 2472; x_wconf 88' lang='lat' dir='ltr'><strong>ei</strong></span> 
     </span>
     <span class='ocr_line' id='line_1_33' title="bbox 237 2500 770 2558; baseline -0.006 -13"><span class='ocrx_word' id='word_1_417' title='bbox 237 2515 319 2545; x_wconf 89' lang='lat' dir='ltr'><strong>non</strong></span> <span class='ocrx_word' id='word_1_418' title='bbox 350 2502 539 2558; x_wconf 88' lang='lat' dir='ltr'><strong>ignotam</strong></span> <span class='ocrx_word' id='word_1_419' title='bbox 570 2501 709 2543; x_wconf 86' lang='lat' dir='ltr'><strong>fuisse.</strong></span> <span class='ocrx_word' id='word_1_420' title='bbox 722 2500 770 2554; x_wconf 89' lang='lat'><strong>¹⁰)</strong></span> 
     </span>
    </p>
   </div>
   <div class='ocr_carea' id='block_1_8' title="bbox 236 2640 2698 3347">
    <p class='ocr_par' dir='ltr' id='par_1_8' title="bbox 236 2640 2698 3347">
     <span class='ocr_line' id='line_1_34' title="bbox 460 2640 1633 2690; baseline -0.003 -11"><span class='ocrx_word' id='word_1_421' title='bbox 460 2644 485 2690; x_wconf 84' lang='lat'><strong>¹)</strong></span> <span class='ocrx_word' id='word_1_422' title='bbox 511 2653 547 2689; x_wconf 90' lang='lat' dir='ltr'><strong>p.</strong></span> <span class='ocrx_word' id='word_1_423' title='bbox 574 2642 657 2679; x_wconf 85' lang='lat'><strong>404.</strong></span> <span class='ocrx_word' id='word_1_424' title='bbox 685 2661 731 2668; x_wconf 88' lang='lat'>—</span> <span class='ocrx_word' id='word_1_425' title='bbox 757 2644 787 2685; x_wconf 87' lang='lat'><strong>²)</strong></span> <span class='ocrx_word' id='word_1_426' title='bbox 813 2640 837 2677; x_wconf 94' lang='lat' dir='ltr'><strong>l.</strong></span> <span class='ocrx_word' id='word_1_427' title='bbox 864 2640 889 2676; x_wconf 93' lang='lat' dir='ltr'><strong>l.</strong></span> <span class='ocrx_word' id='word_1_428' title='bbox 919 2640 973 2681; x_wconf 88' lang='lat'><strong>10,</strong></span> <span class='ocrx_word' id='word_1_429' title='bbox 1003 2640 1046 2676; x_wconf 87' lang='lat'><strong>13</strong></span> <span class='ocrx_word' id='word_1_430' title='bbox 1076 2649 1154 2686; x_wconf 90' lang='lat' dir='ltr'><strong>sqq.</strong></span> <span class='ocrx_word' id='word_1_431' title='bbox 1182 2661 1223 2666; x_wconf 98' lang='lat'><strong>—</strong></span> <span class='ocrx_word' id='word_1_432' title='bbox 1251 2642 1278 2685; x_wconf 80' lang='lat'><strong>³)</strong></span> <span class='ocrx_word' id='word_1_433' title='bbox 1304 2652 1335 2677; x_wconf 85' lang='lat' dir='ltr'><strong>v.</strong></span> <span class='ocrx_word' id='word_1_434' title='bbox 1362 2651 1397 2689; x_wconf 85' lang='lat' dir='ltr'><strong>p.</strong></span> <span class='ocrx_word' id='word_1_435' title='bbox 1426 2641 1471 2677; x_wconf 82' lang='lat'><strong>28</strong></span> <span class='ocrx_word' id='word_1_436' title='bbox 1497 2643 1572 2677; x_wconf 89' lang='lat' dir='ltr'><strong>not.</strong></span> <span class='ocrx_word' id='word_1_437' title='bbox 1600 2642 1633 2678; x_wconf 84' lang='grc'><strong>6.</strong></span> 
     </span>
     <span class='ocr_line' id='line_1_35' title="bbox 456 2699 1900 2748; baseline -0.001 -10"><span class='ocrx_word' id='word_1_438' title='bbox 456 2704 485 2748; x_wconf 83' lang='lat'><strong>⁴)</strong></span> <span class='ocrx_word' id='word_1_439' title='bbox 514 2702 594 2746; x_wconf 85' lang='lat' dir='ltr'><strong>Quo</strong></span> <span class='ocrx_word' id='word_1_440' title='bbox 621 2713 719 2738; x_wconf 89' lang='lat' dir='ltr'><strong>anno</strong></span> <span class='ocrx_word' id='word_1_441' title='bbox 737 2701 915 2737; x_wconf 88' lang='lat' dir='ltr'><strong>Horatius</strong></span> <span class='ocrx_word' id='word_1_442' title='bbox 941 2699 1035 2735; x_wconf 90' lang='lat' dir='ltr'><strong>illud</strong></span> <span class='ocrx_word' id='word_1_443' title='bbox 1060 2700 1210 2736; x_wconf 90' lang='lat' dir='ltr'><strong>cecinit:</strong></span> <span class='ocrx_word' id='word_1_444' title='bbox 1589 2701 1685 2737; x_wconf 82' lang='lat' dir='ltr'><strong>forte</strong></span> <span class='ocrx_word' id='word_1_445' title='bbox 1703 2712 1790 2746; x_wconf 88' lang='lat' dir='ltr'><strong>epos</strong></span> <span class='ocrx_word' id='word_1_446' title='bbox 1817 2712 1900 2737; x_wconf 86' lang='lat' dir='ltr'><strong>acer</strong></span> 
     </span>
     <span class='ocr_line' id='line_1_36' title="bbox 968 2759 1920 2808; baseline 0.001 -12"><span class='ocrx_word' id='word_1_447' title='bbox 968 2759 1019 2796; x_wconf 87' lang='lat' dir='ltr'><strong>Ut</strong></span> <span class='ocrx_word' id='word_1_448' title='bbox 1043 2771 1159 2803; x_wconf 89' lang='lat' dir='ltr'><strong>nemo,</strong></span> <span class='ocrx_word' id='word_1_449' title='bbox 1186 2760 1314 2798; x_wconf 89' lang='lat' dir='ltr'><strong>Varius</strong></span> <span class='ocrx_word' id='word_1_450' title='bbox 1340 2760 1464 2805; x_wconf 82' lang='lat' dir='ltr'><strong>ducit3</strong></span> <span class='ocrx_word' id='word_1_451' title='bbox 1489 2760 1601 2798; x_wconf 90' lang='lat' dir='ltr'><strong>molle</strong></span> <span class='ocrx_word' id='word_1_452' title='bbox 1626 2763 1736 2808; x_wconf 85' lang='lat' dir='ltr'><strong>atque</strong></span> <span class='ocrx_word' id='word_1_453' title='bbox 1761 2759 1920 2798; x_wconf 80' lang='lat' dir='ltr'><strong>facetum</strong></span> 
     </span>
     <span class='ocr_line' id='line_1_37' title="bbox 970 2819 1902 2869; baseline 0.001 -14"><span class='ocrx_word' id='word_1_454' title='bbox 970 2819 1112 2867; x_wconf 90' lang='lat' dir='ltr'><strong>Vergili</strong></span> <span class='ocrx_word' id='word_1_455' title='bbox 1138 2824 1340 2857; x_wconf 82' lang='lat' dir='ltr'><strong>annuerunt</strong></span> <span class='ocrx_word' id='word_1_456' title='bbox 1366 2821 1569 2869; x_wconf 81' lang='lat' dir='ltr'><strong>gaudentes</strong></span> <span class='ocrx_word' id='word_1_457' title='bbox 1600 2832 1684 2857; x_wconf 87' lang='lat' dir='ltr'><strong>rure</strong></span> <span class='ocrx_word' id='word_1_458' title='bbox 1710 2820 1902 2863; x_wconf 80' lang='lat' dir='ltr'><strong>Camenae,</strong></span> 
     </span>
     <span class='ocr_line' id='line_1_38' title="bbox 237 2880 2698 2930; baseline 0 -10"><span class='ocrx_word' id='word_1_459' title='bbox 237 2895 310 2930; x_wconf 87' lang='lat' dir='ltr'><strong>quo</strong></span> <span class='ocrx_word' id='word_1_460' title='bbox 335 2884 419 2920; x_wconf 90' lang='lat' dir='ltr'><strong>loco</strong></span> <span class='ocrx_word' id='word_1_461' title='bbox 445 2884 504 2919; x_wconf 85' lang='lat' dir='ltr'><strong>vel</strong></span> <span class='ocrx_word' id='word_1_462' title='bbox 530 2883 683 2920; x_wconf 84' lang='lat' dir='ltr'><strong>maxime</strong></span> <span class='ocrx_word' id='word_1_463' title='bbox 709 2882 845 2918; x_wconf 86' lang='lat' dir='ltr'><strong>nititur</strong></span> <span class='ocrx_word' id='word_1_464' title='bbox 870 2882 963 2923; x_wconf 65' lang='lat' dir='ltr'><strong>Str„</strong></span> <span class='ocrx_word' id='word_1_465' title='bbox 989 2880 1185 2917; x_wconf 85' lang='lat' dir='ltr'><strong>Aeneidem</strong></span> <span class='ocrx_word' id='word_1_466' title='bbox 1212 2882 1368 2919; x_wconf 90' lang='lat' dir='ltr'><strong>nondum</strong></span> <span class='ocrx_word' id='word_1_467' title='bbox 1407 2882 1643 2919; x_wconf 84' lang='lat' dir='ltr'><strong>inchoaverat</strong></span> <span class='ocrx_word' id='word_1_468' title='bbox 1668 2881 1866 2929; x_wconf 77' lang='lat' dir='ltr'><strong>Vergiliae.</strong></span> <span class='ocrx_word' id='word_1_469' title='bbox 1900 2892 1932 2917; x_wconf 89' lang='lat' dir='ltr'><strong>v.</strong></span> <span class='ocrx_word' id='word_1_470' title='bbox 1972 2881 2162 2927; x_wconf 86' lang='lat' dir='ltr'><strong>interpret.</strong></span> <span class='ocrx_word' id='word_1_471' title='bbox 2190 2880 2235 2918; x_wconf 88' lang='lat' dir='ltr'><strong>ad</strong></span> <span class='ocrx_word' id='word_1_472' title='bbox 2261 2880 2348 2918; x_wconf 89' lang='lat' dir='ltr'><strong>Hor.</strong></span> <span class='ocrx_word' id='word_1_473' title='bbox 2375 2881 2487 2919; x_wconf 85' lang='lat' dir='ltr'><strong>Serm.</strong></span> <span class='ocrx_word' id='word_1_474' title='bbox 2521 2882 2551 2919; x_wconf 94' lang='lat' dir='ltr'><strong>I.</strong></span> <span class='ocrx_word' id='word_1_475' title='bbox 2589 2883 2698 2921; x_wconf 57' lang='lat'><strong>1055..</strong></span> 
     </span>
     <span class='ocr_line' id='line_1_39' title="bbox 458 2939 1205 2989; baseline -0.004 -10"><span class='ocrx_word' id='word_1_476' title='bbox 458 2945 487 2989; x_wconf 67' lang='grc'><strong>5)</strong></span> <span class='ocrx_word' id='word_1_477' title='bbox 512 2954 546 2978; x_wconf 82' lang='lat' dir='ltr'><strong>v.</strong></span> <span class='ocrx_word' id='word_1_478' title='bbox 573 2943 766 2989; x_wconf 88' lang='lat' dir='ltr'><strong>interpret.</strong></span> <span class='ocrx_word' id='word_1_479' title='bbox 793 2941 851 2979; x_wconf 83' lang='lat' dir='ltr'><strong>ad.</strong></span> <span class='ocrx_word' id='word_1_480' title='bbox 878 2940 988 2986; x_wconf 90' lang='lat' dir='ltr'><strong>Prop.</strong></span> <span class='ocrx_word' id='word_1_481' title='bbox 1019 2940 1070 2977; x_wconf 88' lang='lat'><strong>11.</strong></span> <span class='ocrx_word' id='word_1_482' title='bbox 1099 2939 1205 2977; x_wconf 63' lang='lat' dir='ltr'><strong>34m.</strong></span> 
     </span>
     <span class='ocr_line' id='line_1_40' title="bbox 458 3000 2209 3049; baseline -0.001 -10"><span class='ocrx_word' id='word_1_483' title='bbox 458 3007 486 3049; x_wconf 83' lang='lat'><strong>⁶)</strong></span> <span class='ocrx_word' id='word_1_484' title='bbox 514 3002 619 3039; x_wconf 82' lang='lat' dir='ltr'><strong>Ovid.</strong></span> <span class='ocrx_word' id='word_1_485' title='bbox 647 3002 759 3038; x_wconf 82' lang='lat' dir='ltr'><strong>Trist.</strong></span> <span class='ocrx_word' id='word_1_486' title='bbox 787 3002 850 3038; x_wconf 92' lang='lat' dir='ltr'><strong>IV.</strong></span> <span class='ocrx_word' id='word_1_487' title='bbox 881 3001 990 3043; x_wconf 55' lang='lat' dir='ltr'><strong>loun</strong></span> <span class='ocrx_word' id='word_1_488' title='bbox 1016 3000 1104 3036; x_wconf 91' lang='lat' dir='ltr'><strong>Hor.</strong></span> <span class='ocrx_word' id='word_1_489' title='bbox 1130 3000 1195 3046; x_wconf 85' lang='lat' dir='ltr'><strong>Ep.</strong></span> <span class='ocrx_word' id='word_1_490' title='bbox 1222 3001 1361 3046; x_wconf 69' lang='lat'>112663</span> <span class='ocrx_word' id='word_1_491' title='bbox 1397 3002 1510 3038; x_wconf 89' lang='lat' dir='ltr'><strong>Serm.</strong></span> <span class='ocrx_word' id='word_1_492' title='bbox 1537 3002 1567 3038; x_wconf 93' lang='lat'><strong>1.</strong></span> <span class='ocrx_word' id='word_1_493' title='bbox 1592 3004 1683 3045; x_wconf 69' lang='lat'><strong>4:1³3</strong></span> <span class='ocrx_word' id='word_1_494' title='bbox 1718 3002 1762 3038; x_wconf 83' lang='lat' dir='ltr'><strong>cf.</strong></span> <span class='ocrx_word' id='word_1_495' title='bbox 1791 3002 1938 3047; x_wconf 90' lang='lat' dir='ltr'><strong>Campe.</strong></span> <span class='ocrx_word' id='word_1_496' title='bbox 1964 3001 1988 3037; x_wconf 92' lang='lat' dir='ltr'><strong>l.</strong></span> <span class='ocrx_word' id='word_1_497' title='bbox 2015 3002 2039 3037; x_wconf 92' lang='lat'><strong>1.</strong></span> <span class='ocrx_word' id='word_1_498' title='bbox 2065 3012 2099 3047; x_wconf 85' lang='lat' dir='ltr'><strong>p.</strong></span> <span class='ocrx_word' id='word_1_499' title='bbox 2126 3002 2209 3037; x_wconf 81' lang='lat'><strong>477.</strong></span> 
     </span>
     <span class='ocr_line' id='line_1_41' title="bbox 456 3061 1112 3111; baseline -0.006 -10"><span class='ocrx_word' id='word_1_500' title='bbox 456 3065 484 3111; x_wconf 83' lang='lat'><strong>¹¹)</strong></span> <span class='ocrx_word' id='word_1_501' title='bbox 509 3064 576 3110; x_wconf 80' lang='lat' dir='ltr'><strong>Ep.</strong></span> <span class='ocrx_word' id='word_1_502' title='bbox 603 3063 655 3100; x_wconf 91' lang='grc' dir='ltr'><strong>ΙΙ.</strong></span> <span class='ocrx_word' id='word_1_503' title='bbox 684 3064 791 3106; x_wconf 64' lang='grc' dir='ltr'><strong>1.,47ς</strong></span> <span class='ocrx_word' id='word_1_504' title='bbox 821 3062 902 3099; x_wconf 87' lang='lat' dir='ltr'><strong>Art.</strong></span> <span class='ocrx_word' id='word_1_505' title='bbox 928 3063 1028 3108; x_wconf 69' lang='lat' dir='ltr'><strong>poet.</strong></span> <span class='ocrx_word' id='word_1_506' title='bbox 1054 3061 1112 3097; x_wconf 83' lang='lat'><strong>55.</strong></span> 
     </span>
     <span class='ocr_line' id='line_1_42' title="bbox 458 3120 2691 3169; baseline -0.002 -9"><span class='ocrx_word' id='word_1_507' title='bbox 458 3127 489 3168; x_wconf 72' lang='grc' dir='ltr'><strong>θ)</strong></span> <span class='ocrx_word' id='word_1_508' title='bbox 514 3124 596 3160; x_wconf 88' lang='lat' dir='ltr'><strong>Art.</strong></span> <span class='ocrx_word' id='word_1_509' title='bbox 622 3123 703 3159; x_wconf 91' lang='lat' dir='ltr'><strong>Am.</strong></span> <span class='ocrx_word' id='word_1_510' title='bbox 729 3122 798 3158; x_wconf 91' lang='lat'><strong>111.</strong></span> <span class='ocrx_word' id='word_1_511' title='bbox 825 3122 915 3165; x_wconf 76' lang='lat'><strong>3383</strong></span> <span class='ocrx_word' id='word_1_512' title='bbox 941 3132 974 3156; x_wconf 83' lang='lat' dir='ltr'><strong>v.</strong></span> <span class='ocrx_word' id='word_1_513' title='bbox 992 3120 1161 3167; x_wconf 85' lang='lat' dir='ltr'><strong>Zingerle</strong></span> <span class='ocrx_word' id='word_1_514' title='bbox 1187 3121 1235 3157; x_wconf 94' lang='lat'><strong>11.</strong></span> <span class='ocrx_word' id='word_1_515' title='bbox 1261 3132 1295 3167; x_wconf 91' lang='lat' dir='ltr'><strong>p.</strong></span> <span class='ocrx_word' id='word_1_516' title='bbox 1321 3123 1368 3158; x_wconf 78' lang='lat'><strong>48</strong></span> <span class='ocrx_word' id='word_1_517' title='bbox 1393 3133 1491 3169; x_wconf 86' lang='lat' dir='ltr'><strong>sqq.;</strong></span> <span class='ocrx_word' id='word_1_518' title='bbox 1517 3122 1695 3159; x_wconf 82' lang='lat' dir='ltr'><strong>Ribbeck.</strong></span> <span class='ocrx_word' id='word_1_519' title='bbox 1714 3122 1826 3168; x_wconf 88' lang='lat' dir='ltr'><strong>Verg.</strong></span> <span class='ocrx_word' id='word_1_520' title='bbox 1853 3122 1909 3158; x_wconf 89' lang='lat' dir='ltr'><strong>ed.</strong></span> <span class='ocrx_word' id='word_1_521' title='bbox 1937 3122 2023 3158; x_wconf 88' lang='lat' dir='ltr'><strong>min.</strong></span> <span class='ocrx_word' id='word_1_522' title='bbox 2053 3132 2089 3167; x_wconf 89' lang='lat' dir='ltr'><strong>p.</strong></span> <span class='ocrx_word' id='word_1_523' title='bbox 2115 3122 2173 3158; x_wconf 84' lang='lat'><strong>23.</strong></span> <span class='ocrx_word' id='word_1_524' title='bbox 2225 3121 2341 3165; x_wconf 82' lang='lat' dir='ltr'><strong>Quam</strong></span> <span class='ocrx_word' id='word_1_525' title='bbox 2367 3124 2508 3157; x_wconf 81' lang='lat' dir='ltr'><strong>mature</strong></span> <span class='ocrx_word' id='word_1_526' title='bbox 2534 3121 2691 3167; x_wconf 81' lang='lat' dir='ltr'><strong>Vergilii</strong></span> 
     </span>
     <span class='ocr_line' id='line_1_43' title="bbox 236 3180 2230 3231; baseline -0.003 -9"><span class='ocrx_word' id='word_1_527' title='bbox 236 3196 349 3231; x_wconf 85' lang='lat' dir='ltr'><strong>opera</strong></span> <span class='ocrx_word' id='word_1_528' title='bbox 375 3184 553 3221; x_wconf 86' lang='lat' dir='ltr'><strong>lectitata</strong></span> <span class='ocrx_word' id='word_1_529' title='bbox 578 3183 656 3219; x_wconf 84' lang='lat' dir='ltr'><strong>sint</strong></span> <span class='ocrx_word' id='word_1_530' title='bbox 680 3183 719 3218; x_wconf 88' lang='lat' dir='ltr'><strong>in</strong></span> <span class='ocrx_word' id='word_1_531' title='bbox 744 3181 893 3223; x_wconf 82' lang='lat' dir='ltr'><strong>scholis,</strong></span> <span class='ocrx_word' id='word_1_532' title='bbox 919 3183 1073 3226; x_wconf 80' lang='lat' dir='ltr'><strong>apparet</strong></span> <span class='ocrx_word' id='word_1_533' title='bbox 1098 3191 1140 3216; x_wconf 87' lang='lat' dir='ltr'><strong>ex</strong></span> <span class='ocrx_word' id='word_1_534' title='bbox 1165 3180 1222 3221; x_wconf 85' lang='lat' dir='ltr'><strong>iis.</strong></span> <span class='ocrx_word' id='word_1_535' title='bbox 1248 3192 1338 3226; x_wconf 83' lang='lat' dir='ltr'><strong>quae</strong></span> <span class='ocrx_word' id='word_1_536' title='bbox 1362 3182 1462 3218; x_wconf 87' lang='lat' dir='ltr'><strong>Suet.</strong></span> <span class='ocrx_word' id='word_1_537' title='bbox 1488 3182 1646 3219; x_wconf 78' lang='lat' dir='ltr'><strong>tradidit</strong></span> <span class='ocrx_word' id='word_1_538' title='bbox 1670 3182 1715 3218; x_wconf 87' lang='lat' dir='ltr'><strong>de</strong></span> <span class='ocrx_word' id='word_1_539' title='bbox 1742 3182 1879 3226; x_wconf 85' lang='lat' dir='ltr'><strong>Quinto</strong></span> <span class='ocrx_word' id='word_1_540' title='bbox 1905 3182 2064 3219; x_wconf 79' lang='lat' dir='ltr'><strong>Caecilio</strong></span> <span class='ocrx_word' id='word_1_541' title='bbox 2091 3192 2145 3228; x_wconf 85' lang='lat' dir='ltr'><strong>gr.</strong></span> <span class='ocrx_word' id='word_1_542' title='bbox 2174 3182 2230 3218; x_wconf 84' lang='lat'><strong>16.</strong></span> 
     </span>
     <span class='ocr_line' id='line_1_44' title="bbox 456 3239 1490 3288; baseline -0.003 -8"><span class='ocrx_word' id='word_1_543' title='bbox 456 3246 486 3288; x_wconf 81' lang='lat'><strong>⁹)</strong></span> <span class='ocrx_word' id='word_1_544' title='bbox 512 3243 556 3280; x_wconf 79' lang='lat' dir='ltr'><strong>cf.</strong></span> <span class='ocrx_word' id='word_1_545' title='bbox 583 3243 807 3288; x_wconf 86' lang='lat' dir='ltr'><strong>interpretes</strong></span> <span class='ocrx_word' id='word_1_546' title='bbox 833 3240 881 3277; x_wconf 84' lang='lat' dir='ltr'><strong>ad</strong></span> <span class='ocrx_word' id='word_1_547' title='bbox 904 3239 935 3276; x_wconf 89' lang='grc' dir='ltr'><strong>Ι.</strong></span> <span class='ocrx_word' id='word_1_548' title='bbox 962 3240 1044 3276; x_wconf 82' lang='grc'><strong>279.</strong></span> <span class='ocrx_word' id='word_1_549' title='bbox 1093 3239 1163 3276; x_wconf 88' lang='grc' dir='ltr'><strong>ΙΠ.</strong></span> <span class='ocrx_word' id='word_1_550' title='bbox 1198 3241 1278 3276; x_wconf 80' lang='lat'><strong>437.</strong></span> <span class='ocrx_word' id='word_1_551' title='bbox 1306 3241 1405 3278; x_wconf 87' lang='lat' dir='ltr'><strong>VIII.</strong></span> <span class='ocrx_word' id='word_1_552' title='bbox 1433 3243 1490 3279; x_wconf 81' lang='grc'><strong>60.</strong></span> 
     </span>
     <span class='ocr_line' id='line_1_45' title="bbox 462 3297 2695 3347; baseline -0 -8"><span class='ocrx_word' id='word_1_553' title='bbox 462 3308 503 3346; x_wconf 87' lang='lat'><strong>¹⁰)</strong></span> <span class='ocrx_word' id='word_1_554' title='bbox 531 3302 575 3339; x_wconf 86' lang='lat' dir='ltr'><strong>cf.</strong></span> <span class='ocrx_word' id='word_1_555' title='bbox 603 3302 810 3338; x_wconf 77' lang='lat' dir='ltr'><strong>Dnentzer:</strong></span> <span class='ocrx_word' id='word_1_556' title='bbox 837 3300 1049 3346; x_wconf 85' lang='lat' dir='ltr'><strong>„Vergilius</strong></span> <span class='ocrx_word' id='word_1_557' title='bbox 1066 3299 1142 3336; x_wconf 86' lang='lat' dir='ltr'><strong>und</strong></span> <span class='ocrx_word' id='word_1_558' title='bbox 1160 3299 1356 3336; x_wconf 80' lang='lat' dir='ltr'><strong>Horatius⁴‘</strong></span> <span class='ocrx_word' id='word_1_559' title='bbox 1372 3301 1490 3338; x_wconf 80' lang='lat' dir='ltr'><strong>Jahns</strong></span> <span class='ocrx_word' id='word_1_560' title='bbox 1515 3300 1642 3338; x_wconf 85' lang='lat' dir='ltr'><strong>Jahrb.</strong></span> <span class='ocrx_word' id='word_1_561' title='bbox 1673 3301 1764 3338; x_wconf 76' lang='lat'><strong>1869</strong></span> <span class='ocrx_word' id='word_1_562' title='bbox 1789 3311 1824 3346; x_wconf 90' lang='lat' dir='ltr'><strong>p.</strong></span> <span class='ocrx_word' id='word_1_563' title='bbox 1851 3300 1922 3337; x_wconf 78' lang='lat'><strong>328</strong></span> <span class='ocrx_word' id='word_1_564' title='bbox 1940 3311 2043 3347; x_wconf 89' lang='lat' dir='ltr'><strong>sqq.,·</strong></span> <span class='ocrx_word' id='word_1_565' title='bbox 2066 3301 2193 3337; x_wconf 82' lang='lat' dir='ltr'><strong>Riese:</strong></span> <span class='ocrx_word' id='word_1_566' title='bbox 2212 3299 2463 3342; x_wconf 86' lang='lat' dir='ltr'><strong>„Horatiana“</strong></span> <span class='ocrx_word' id='word_1_567' title='bbox 2480 3297 2568 3334; x_wconf 89' lang='lat' dir='ltr'><strong>ibid.</strong></span> <span class='ocrx_word' id='word_1_568' title='bbox 2598 3298 2695 3338; x_wconf 68' lang='lat'><strong>1862*</strong></span> 
     </span>
    </p>
   </div>
   <div class='ocr_carea' id='block_1_9' title="bbox 231 3358 2158 3412">
    <p class='ocr_par' dir='ltr' id='par_1_9' title="bbox 231 3358 2158 3412">
     <span class='ocr_line' id='line_1_46' title="bbox 231 3358 2158 3412; baseline -0.004 -10"><span class='ocrx_word' id='word_1_569' title='bbox 231 3374 271 3412; x_wconf 83' lang='lat' dir='ltr'><strong>p.</strong></span> <span class='ocrx_word' id='word_1_570' title='bbox 295 3363 369 3402; x_wconf 81' lang='lat'><strong>478</strong></span> <span class='ocrx_word' id='word_1_571' title='bbox 395 3374 496 3410; x_wconf 87' lang='lat' dir='ltr'><strong>sqq.·,</strong></span> <span class='ocrx_word' id='word_1_572' title='bbox 523 3361 668 3400; x_wconf 75' lang='lat' dir='ltr'><strong>Gesellz</strong></span> <span class='ocrx_word' id='word_1_573' title='bbox 699 3361 745 3398; x_wconf 90' lang='lat' dir='ltr'><strong>de</strong></span> <span class='ocrx_word' id='word_1_574' title='bbox 770 3358 1119 3407; x_wconf 85' lang='lat' dir='ltr'><strong>interpolationibus</strong></span> <span class='ocrx_word' id='word_1_575' title='bbox 1145 3359 1402 3407; x_wconf 83' lang='lat' dir='ltr'><strong>mythologicis</strong></span> <span class='ocrx_word' id='word_1_576' title='bbox 1429 3360 1526 3407; x_wconf 90' lang='lat' dir='ltr'><strong>apud</strong></span> <span class='ocrx_word' id='word_1_577' title='bbox 1552 3360 1756 3397; x_wconf 88' lang='lat' dir='ltr'><strong>Horatium.</strong></span> <span class='ocrx_word' id='word_1_578' title='bbox 1806 3360 1911 3397; x_wconf 92' lang='lat' dir='ltr'><strong>Bonn</strong></span> <span class='ocrx_word' id='word_1_579' title='bbox 1940 3361 2033 3397; x_wconf 81' lang='lat'>1865</span> <span class='ocrx_word' id='word_1_580' title='bbox 2057 3370 2094 3407; x_wconf 89' lang='lat' dir='ltr'><strong>p.</strong></span> <span class='ocrx_word' id='word_1_581' title='bbox 2121 3360 2158 3397; x_wconf 77' lang='lat'><strong>6.</strong></span> 
     </span>
    </p>
   </div>
   <div class='ocr_carea' id='block_1_10' title="bbox 1617 0 2920 460">
    <p class='ocr_par' dir='ltr' id='par_1_10' title="bbox 1617 0 2920 460">
     <span class='ocr_line' id='line_1_47' title="bbox 1617 0 2920 460; baseline 0 0"><span class='ocrx_word' id='word_1_582' title='bbox 1617 0 2920 460; x_wconf 95' lang='lat' dir='ltr'><strong>   </strong></span> 
     </span>
    </p>
   </div>
  </div>
 </body>
</html>
