2920 3717
110 363 115 367 ,
156 304 349 370 filontio,
370 300 431 377 ut
459 316 560 379 sunt
586 297 706 356 inter
723 324 769 354 se
784 305 898 365 apta
923 309 973 351 et
991 268 1199 363 colligata,
1232 309 1295 351 ita
1324 307 1517 351 carminis
1552 305 1852 363 quodammodo
1879 291 1977 352 sunt
2003 310 2128 361 nervi.
2190 309 2270 352 Est
2299 309 2442 351 autem
2472 309 2644 353 Iunonis

79 400 107 438 g
139 380 141 385 '
202 379 343 446 matio
355 388 407 434 in
436 375 630 438 consessu
654 382 832 428 deorum
855 377 1029 432 habita‚
1043 379 1285 434 priusquam
1314 379 1515 423 Romulus
1549 379 1639 423 vita
1669 378 1840 435 cederet,
1878 380 1986 424 vitae
2015 381 2117 425 bene
2147 394 2197 425 ac
2228 378 2495 425 laudabiliter
2524 381 2644 424 actae

81 462 98 511 ᾗ
144 438 495 518 '''comprobatio,
527 465 632 511 quae
660 451 715 496 ad
754 445 982 497 Romulum
1023 448 1341 494 consecrandum
1376 448 1489 494 haud
1525 449 1627 494 levis
1665 450 1755 494 erat
1782 451 1991 496 momenti.
2053 450 2157 498 Cum
2195 451 2283 498 deis
2320 450 2507 509 placeret
2547 451 2644 507 post

201 527 387 592 in'geflfia
406 526 535 573 meta
563 523 797 569 Romulum
822 534 984 579 quoqne
1015 521 1125 565 Iovis
1159 520 1354 566 interesse
1385 521 1537 579 optatis
1575 521 1718 579 epulis,
1758 522 1860 565 Iuno
1903 523 2063 568 obstare
2103 539 2147 570 se
2183 524 2378 583 negabat,
2418 523 2640 581 quominus

122 616 125 619 ·
202 600 297 645 ille
310 599 368 642 in
403 597 577 640 deorum
613 607 784 636 numero
824 595 945 636 esset.
1008 594 1073 636 Ac
1103 606 1184 635 non
1214 593 1349 635 solum
1378 594 1555 636 Romulo
1591 593 1773 635 divinam
1809 593 1887 635 viri
1916 595 2117 639 virtutem
2154 597 2361 640 admirata
2396 596 2483 639 iam
2525 595 2645 652 cupit

202 672 259 715 et
286 670 421 719 flavet,
465 667 538 711 sed
575 667 704 710 etiam
742 665 857 722 genti
894 665 1103 709 Romanae
1147 666 1328 709 amicam
1357 665 1677 720 benevolumque
1708 678 1751 708 se
1777 666 2003 720 profitetur.
2060 669 2124 712 Ne
2150 683 2245 713 vero
2273 669 2464 712 videatur
2489 682 2643 725 parum

157 789 159 791 .
203 739 282 792 sibi
302 740 501 791 constare,
523 737 675 795 quippe
695 749 800 794 quae
819 736 1110 781 Laomedontis
1131 735 1374 794 Paridisque
1404 737 1560 794 prolem
1591 749 1733 781 vexare
1765 736 1938 792 desierit,
1970 739 2133 784 Troiam
2161 740 2241 785 sibi
2268 740 2361 785 odio
2393 742 2435 785 et
2473 753 2562 785 esse
2595 740 2640 785 et

120 853 123 855 ,
201 812 386 860 summm
416 823 503 855 esse
534 810 762 854 denuntiat.
826 809 1085 866 Quantopere
1105 810 1247 853 autem
1277 822 1403 853 novae
1422 810 1517 853 'urbi
1547 810 1685 854 faveat
1715 809 1807 853 aliis
1837 810 2109 857 fundamentis
2140 813 2390 859 constitutae
2421 827 2470 858 ac
2500 813 2643 857 fuera?-

128 930 131 933 ,
201 883 336 935 Troia,
367 882 433 935 iis,
472 895 577 939 quae
608 882 794 938 loquitur
823 882 917 926 inde
949 896 989 926 a.
1022 896 1061 926 v.
1096 884 1166 936 36,
1200 882 1394 926 declarat.
1466 881 1589 939 Cupit
1620 882 1729 926 enim
1760 882 1903 926 urbem
1933 886 1973 927 et
2003 886 2211 929 aeternam
2241 899 2329 930 esse
2359 887 2402 929 et
2431 886 2517 930 late
2538 899 2637 930 con·

202 956 391 1011 spicuum
411 955 556 998 tollere
585 956 795 999 verticem.
857 956 1004 1014 Neque
1025 967 1133 1007 vero,
1166 967 1270 1009 quae
1290 956 1482 1009 precatur
1511 955 1604 997 urbi
1634 955 1752 1006 bona,
1784 955 1845 998 ita
1874 958 2072 1009 precatur,
2112 959 2161 1000 ut
2198 958 2277 1001 nisi
2308 958 2484 1001 Romani
2523 960 2639 1001 certa

138 1031 140 1033 ’
202 1025 404 1082 quaedam
435 1026 699 1071 autfecerint
730 1028 804 1071 aut
834 1027 966 1071 facere
997 1025 1223 1078 omiserint,
1256 1038 1300 1070 se
1330 1027 1512 1070 mentem
1542 1026 1800 1070 mutaturam
1832 1039 2024 1082 suamque
2054 1041 2151 1085 erga
2180 1029 2380 1085 populum
2401 1028 2636 1073 Romanum

202 1098 458 1143 voluntatem
504 1099 758 1143 abiecturam
795 1099 987 1143 minetur.
1056 1099 1212 1151 Immo,
1260 1099 1308 1142 ut
1352 1099 1555 1142 terrarum
1593 1098 1850 1153 mariumque
1890 1099 2052 1143 termini
2099 1113 2123 1144 a
2170 1101 2369 1157 principio
2418 1101 2635 1146 constituti

202 1172 299 1214 sunt
329 1172 497 1223 aeterni,
536 1172 607 1221 sic,
647 1172 689 1215 in
718 1173 963 1227 perpetuum
994 1172 1042 1214 ut
1074 1172 1206 1215 Roma
1237 1171 1320 1214 stet
1357 1171 1586 1227 vigeatque,
1618 1172 1747 1226 optat.
1759 1172 1785 1224 ¹)
1848 1170 1952 1214 Miro
1982 1172 2157 1227 quodam
2188 1185 2321 1216 errore
2352 1173 2634 1229 implicantur,

202 1431 307 1456 nemo
341 1432 449 1467 quam
473 1422 660 1457 Pluessius
690 1422 884 1457 lectionem
923 1420 1065 1463 „bibit“
1102 1421 1312 1457 defensitat.
1349 1421 1393 1456 cf.
1421 1421 1491 1456 Die
1518 1420 1912 1456 Gottmenschlichkeit
1945 1422 2016 1457 und
2041 1422 2098 1458 die
2125 1422 2407 1468 Wiedergeburt
2431 1423 2496 1459 des
2522 1423 2635 1460 Octa-

168 1481 173 1485 ”
201 1479 329 1517 vianus
353 1480 553 1528 Angustus.
590 1474 720 1518 'Jahns
745 1480 874 1517 Jahrb.
904 1480 997 1517 1870
1021 1491 1057 1527 p.
1088 1481 1155 1516 146
1182 1484 1220 1516 et
1245 1469 1489 1521 commentat„
1515 1491 1623 1526 quam
1648 1480 1853 1526 inscripsit:
1888 1481 1983 1523 „Des
2001 1481 2181 1528 Vergilius
2213 1483 2329 1518 vierte
2360 1482 2506 1529 Ecloge.
2543 1482 2632 1519 ibid.

205 1540 296 1577 1877
321 1551 356 1587 p.
384 1541 441 1584 69,
466 1551 501 1587 p.
530 1541 587 1577 78.
630 1540 793 1587 Collegit
818 1551 860 1577 ex
884 1540 954 1577 hoc
980 1551 1125 1587 quoque
1152 1539 1297 1577 dicendi
1323 1551 1467 1587 genere,
1493 1539 1640 1576 subesse
1665 1540 1704 1576 in
1729 1540 1875 1576 Horatii
1900 1540 2113 1577 carminibus
2137 1542 2415 1588 praesensiones
2440 1541 2632 1589 religionis

202 1599 442 1638 Christianae.
468 1601 538 1638 Hic
555 1601 639 1638 nolo
655 1601 771 1637 fusius
785 1600 916 1642 dicere,
935 1612 1047 1647 quare
1061 1601 1149 1638 haec
1163 1600 1430 1647 interpretandi
1443 1602 1538 1637 ratio
1557 1612 1708 1647 prorsus
1720 1601 1926 1637 reclamitet
1939 1612 1979 1637 ac
2000 1602 2203 1649 refragetur
2216 1602 2362 1639 Horatii
2376 1603 2421 1639 de
2438 1603 2515 1639 vita
2535 1602 2632 1638 deis-

130 1687 134 1691 .
203 1671 272 1706 que
289 1661 469 1707 opinioni;
495 1661 534 1697 id
558 1673 644 1697 vero
669 1672 764 1708 nego
789 1661 953 1707 potuisse
972 1660 1166 1697 Horatium
1184 1661 1279 1696 serio
1306 1663 1437 1697 canere
1451 1661 1657 1706 Angustum
1683 1661 1780 1696 inter
1797 1660 1957 1696 homines
1975 1664 2174 1697 versantem
2200 1661 2376 1698 accubare
2400 1663 2439 1698 in
2466 1662 2635 1698 convivio

202 1719 361 1757 deornm.
411 1721 491 1758 Hoc
516 1721 548 1757 si
573 1721 711 1758 diceret
734 1723 854 1768 poeta,
881 1720 1029 1757 famosis
1054 1720 1219 1758 versibus
1245 1723 1438 1767 putaretur
1464 1721 1669 1767 Augustum
1696 1720 1890 1766 cooperire.
1917 1720 1959 1757 cf.
1985 1720 2081 1757 Suet.
2107 1722 2170 1757 vit.
2197 1722 2291 1768 Aug.
2320 1723 2377 1759 70.

419 1793 573 1836 „Bibet“
600 1795 723 1830 autem
747 1793 857 1830 lectio
888 1793 946 1840 cni
976 1793 1109 1839 placet,
1144 1795 1268 1843 (quam
1300 1792 1494 1830 lectionem
1524 1792 1624 1829 haud
1655 1792 1935 1837 spernendorum
1969 1792 2127 1829 codicum
2159 1794 2377 1829 auctoritate
2403 1793 2526 1829 fulciri
2551 1805 2635 1830 cum

202 1851 404 1898 Gruppium
428 1853 582 1899 fugerit,
600 1864 632 1889 v.
654 1855 696 1889 11
717 1856 754 1889 et
782 1854 825 1888 12
852 1853 1037 1889 existimat
1061 1851 1235 1888 delendos
1252 1863 1377 1888 vocem
1403 1852 1541 1895 „bibit“
1568 1852 1758 1898 indignam
1783 1855 1883 1888 ratus
1908 1849 2093 1896 Horatio),
2119 1854 2149 1888 is
2168 1864 2307 1889 sumere
2332 1856 2457 1898 potest
2483 1856 2633 1899 poetam

201 1921 347 1957 sperare
371 1912 589 1959 Angustum,
625 1923 733 1959 quam
766 1912 878 1948 semel
910 1912 1007 1948 viam
1031 1912 1218 1958 ingressus
1245 1912 1315 1954 sit,-
1340 1910 1386 1947 ab
1411 1922 1455 1947 ea
1487 1922 1560 1947 non
1591 1911 1858 1947 declinaturum
1883 1911 2116 1957 omnibusque
2141 1911 2343 1948 rationibus
2368 1912 2485 1948 bonos
2511 1924 2630 1948 mores

199 1973 451 2009 revocaturum
477 1983 567 2014 esse,
598 1974 720 2009 totum
748 1983 787 2008 se
811 1971 1034 2008 traditurum
1066 1971 1209 2008 civitati
1241 1970 1348 2007 bonis
1382 1970 1675 2017 salutaribusque
1707 1970 1851 2017 legibus
1883 1971 2061 2007 ornandae
2085 1982 2126 2007 ac
2151 1971 2359 2014 firmandae,
2392 1971 2461 2008 hac
2488 1983 2563 2008 una
2588 1983 2628 2008 re

202 2031 425 2079 effecturum,
451 2035 494 2068 ut
517 2035 672 2069 mortem
696 2032 954 2068 immortalitas
980 2035 1233 2077 consequatur.
1265 2031 1321 2067 En
1347 2042 1466 2072 causa,
1492 2042 1554 2067 cur
1570 2031 1731 2077 Augusti
1753 2031 2147 2067 honorificentissimam
2171 2032 2300 2067 fecerit
2323 2031 2375 2067 ibi
2393 2033 2629 2074 mentionem,

201 2089 264 2127 ubi
287 2091 433 2129 Romuli
457 2092 613 2130 virtutes
638 2092 780 2134 extulit,
812 2091 944 2139 quibus
968 2090 1060 2128 Iuno
1095 2102 1137 2127 ex
1162 2090 1412 2128 inimicissima
1436 2090 1563 2138 populi
1587 2090 1743 2127 Romani
1768 2091 1985 2127 amicissima
2010 2090 2105 2127 facta
2130 2093 2194 2134 est,
2228 2090 2511 2138 firmissimaque
2536 2091 2633 2129 iacta

202 2153 287 2187 sunt
310 2151 533 2198 reipublicae
557 2153 740 2189 Romanae
765 2151 1013 2188 fundamenta.
1633 2143 1635 2145 ¹

417 2240 448 2282 ¹)
475 2237 600 2274 Solere
624 2236 802 2282 imprimis
827 2238 966 2281 poetas,
993 2237 1036 2271 ut
1060 2225 1223 2272 indicent
1246 2247 1322 2271 rem
1349 2236 1509 2280 aliquam
1526 2236 1785 2281 sempiternam
1810 2236 1897 2278 fore,
1923 2236 1976 2271 ita
2000 2246 2078 2271 eam
2096 2246 2302 2280 comparare
2328 2236 2386 2271 vel
2411 2247 2492 2271 cum
2518 2236 2629 2272 rebus

201 2296 359 2334 aeternis
376 2299 487 2343 atque
503 2295 792 2334 immutabilibus
806 2295 865 2332 vel
881 2306 962 2332 cum
987 2294 1241 2333 constantibus
1265 2296 1419 2332 naturae
1435 2294 1592 2342 legibus,
1617 2297 1659 2332 ut
1676 2295 1927 2332 coniunctione
1944 2294 2028 2333 dum
2054 2294 2194 2341 (donec)
2219 2297 2380 2339 utantur,
2407 2297 2535 2332 notum
2563 2298 2631 2332 est.

200 2357 318 2393 Huius
343 2357 397 2393 rei
420 2357 709 2393 illustrissimum
734 2356 937 2402 exemplum
961 2356 1091 2392 attulit
1115 2355 1376 2402 Peerlkampns
1401 2367 1444 2392 ex
1467 2355 1609 2392 Ovidio.

415 2429 459 2465 ef.
486 2429 564 2466 Am.
591 2429 621 2465 I.
650 2430 825 2466 15.9—2s:
1233 2475 1235 2477 ‚

941 2487 1051 2523 Vivet
1074 2487 1296 2530 Maeonides,
1324 2487 1489 2524 Tenedos
1513 2487 1600 2523 dum
1624 2486 1741 2524 stabit
1766 2489 1803 2523 et
1827 2487 1901 2529 Ide,

991 2547 1089 2583 Dum
1113 2546 1260 2592 rapidas
1287 2546 1419 2583 Simois
1444 2547 1483 2583 in
1508 2557 1606 2583 mare
1631 2547 1754 2583 volvet
1779 2557 1901 2592 aquas.

940 2606 1049 2643 Vivet
1073 2608 1112 2644 et
1136 2606 1327 2649 Ascraeus,
1353 2606 1439 2643 dnm
1464 2607 1593 2643 mustis
1618 2618 1689 2643 uva
1712 2606 1880 2650 tumebit,

988 2667 1085 2703 Dum
1111 2665 1219 2702 cadet
1242 2666 1395 2703 incurva
1418 2666 1511 2703 falce
1536 2669 1678 2703 resecta
1703 2665 1822 2703 Ceres.

879 2737 915 2762 25
941 2727 1091 2773 Tityrus
1117 2728 1155 2762 et
1180 2726 1305 2772 fruges
1331 2726 1539 2772 Aeneiaque
1564 2738 1665 2763 arma
1688 2726 1869 2772 legentur,

986 2785 1102 2823 Roma
1125 2784 1346 2832 triumphati
1371 2784 1457 2822 dum
1482 2787 1592 2832 caput
1617 2783 1716 2822 orbis
1742 2785 1821 2821 erit.

877 2849 894 2876 ι’·’ὸ
939 2846 1065 2882 Donec
1090 2848 1198 2882 erunt
1221 2846 1327 2894 ignes
1352 2857 1527 2892 arcusque
1553 2845 1743 2891 Cupidinis
1769 2855 1877 2887 arma,

987 2905 1188 2943 Discentur
1212 2906 1365 2951 numeri,
1389 2905 1487 2943 culte
1513 2904 1667 2949 Tibulle,
1693 2904 1773 2942 tibi.

199 2965 248 3003 id.
272 2964 327 3002 Ib.
356 2966 435 3004 135.

199 3026 264 3064 cfr.
289 3026 377 3063 Hor.
404 3037 433 3063 c.
458 3025 525 3063 111.
551 3026 645 3070 30.s;
672 3026 755 3064 Sen.
781 3026 888 3063 Herc.
916 3025 997 3063 Oet.
1026 3026 1135 3062 1576:

940 3097 1034 3134 Vere
1059 3096 1146 3134 dum
1171 3096 1278 3134 flores
1302 3096 1451 3133 venient
1474 3096 1628 3142 tepenti,

938 3157 988 3194 Et
1012 3168 1152 3194 comam
1175 3156 1280 3194 silvis
1303 3156 1440 3193 hiemes
1465 3155 1642 3200 recident,

938 3217 1010 3253 Vel
1035 3227 1174 3253 comam
1199 3216 1301 3253 silvis
1325 3214 1511 3253 revocabit
1534 3217 1667 3258 aestas,

938 3277 1124 3323 Pomaque
1148 3278 1323 3313 autumno
1348 3276 1512 3322 fugiente
1537 3274 1678 3318 cedent,

938 3336 1052 3374 Nulla
1075 3338 1114 3373 te
1138 3336 1248 3373 terris
1272 3336 1392 3382 rapiet
1416 3337 1597 3372 vetustas:

2714 0 2920 43 ἔ
