2920 3717
244 302 334 361 -qui
364 302 642 349 coniunctioni
675 302 834 357 „dum“
864 304 909 350 in
940 318 979 351 v.
1013 307 1072 352 36
1103 307 1148 351 61
1174 305 1219 350 in
1254 318 1292 350 v.
1335 307 1395 351 40
1428 305 1693 351 condicionis
1707 305 1794 352 vim
1823 319 1880 351 ac
1907 306 2124 352 notionem
2137 305 2370 351 subiciunt·
2358 306 2413 357 ,1)
2443 299 2722 382 temporales

261 387 352 420 esse
372 376 529 429 autem,
549 377 611 420 ut
639 377 909 433 grammatici
938 378 1099 433 dicunt,
1131 377 1457 424 coniunctionem
1488 377 1646 431 „dum“
1679 378 1722 422 in
1753 379 1929 435 utroque
1948 390 2081 431 versu,
2102 389 2215 434 cquos
2234 376 2357 422 modo
2375 368 2565 426 laudavi,
2582 370 2715 417 em
2747 377 2752 422 ζ
2790 426 2793 431 ,
2844 397 2854 404 =
2889 386 2903 397 ⁴

260 459 287 490 e
308 447 497 492 versibus
530 434 707 491 65—68
741 448 842 493 licet
864 451 1068 507 cognosci.
1123 450 1266 494 Nonne
1286 449 1389 492 Iuno
1410 448 1607 501 minatur,
1648 450 1973 506 quotiescunque
1994 449 2117 495 Troia
2139 447 2452 501 resurrexerim)
2483 457 2527 490 se
2554 442 2731 501 pestem'
2791 451 2793 453 ’
2837 463 2917 510 «(1.,

263 519 562 574 interitumque
603 519 759 563 invisae
798 521 894 564 urbi
924 521 1077 578 iisque,
1119 521 1190 577 qui
1229 520 1287 564 ibi
1324 520 1527 573 incolant,
1570 521 1795 565 allaturam
1821 533 1909 566 esso
1927 522 2162 578 frustraque
2176 520 2361 565 homines
2389 518 2433 564 in
2460 514 2731 580 testimenda.
2761 536 2768 555 s

263 590 390 634 Troia
409 603 575 646 operam
613 591 823 649 posituros
850 593 1089 649 praedicit?
1125 593 1185 638 Ut
1214 592 1341 648 igitur
1370 604 1408 635 v.
1441 593 1618 637 61-68
1639 595 1897 649 argumento
1928 594 2027 659 sunt
2065 593 2227 650 proprie
2266 592 2399 637 dicere
2438 586 2613 648 poetam,
2651 588 2713 633 sic

262 662 388 706 etiam
424 675 463 705 v.
498 663 678 707 37-—48
712 659 869 720 optime
907 665 1208 723 intelleguntur
1238 663 1348 708 omni
1379 664 1666 708 translationis
1704 664 1953 721 cogitatione
1988 664 2163 711 abiecta.

478 745 557 790 Cui
599 748 742 791 autem
781 749 885 792 Iuno
925 750 1120 802 oratione,
1169 761 1249 803 qua
1291 748 1477 790 utentem
1519 759 1612 791 eam
1654 747 1755 791 facit
1791 749 1913 803 poeta
1942 748 1986 791 in
2024 749 2194 792 deorum
2236 748 2419 800 consili0,
2458 749 2501 791 61
2535 759 2604 796 eas
2634 757 2711 796 res,

260 830 362 874 quas
393 818 525 875 gessit
544 819 765 874 Romulus,
799 822 1065 878 comprobare
1096 820 1256 865 videtur
1286 820 1328 863 et
1347 819 1444 863 vota
1474 818 1620 872 facere,
1652 820 1702 863 ut
1731 831 1837 863 nova
1867 819 1966 864 urbs
1997 820 2042 864 et
2061 821 2264 878 augeatur
2293 821 2336 864 et
2366 818 2642 876 amplificetur
2666 818 2714 862 61

258 891 401 933 totum
433 890 578 934 orbem
609 892 653 934 in
685 905 805 935 suam
836 893 1001 949 redigat
1031 893 1329 949 potestatem,³)
1369 891 1478 934 hunc
1515 904 1656 934 versus
1687 892 1887 935 49—52
1929 905 1955 934 a
1992 892 2137 935 multis
2175 893 2326 944 vexati,
2364 904 2390 935 a
2419 891 2564 935 multis
2594 889 2713 934 eiecti

259 975 430 1017 prorsus
462 962 568 1006 nihil
600 964 826 1008 offendunt.
889 965 1022 1020 Optat
1053 965 1161 1008 enim
1191 964 1277 1015 dea,
1310 962 1576 1018 quantumvis
1607 963 1708 1006 licet
1738 963 1781 1005 et
1812 962 2060 1006 auctoritate
2091 964 2135 1007 et
2165 963 2320 1007 viribus
2352 963 2510 1007 crescat
2538 961 2713 1018 populus

263 1200 315 1237 id.
342 1201 441 1272 Med.
468 1203 536 1239 401
566 1214 667 1249 sqq.·,
695 1202 784 1239 Oed.
812 1203 883 1240 503
909 1215 1008 1249 sqq.‚
1051 1203 1184 1239 Lucan.
1211 1203 1234 1238 l.
1261 1202 1325 1245 89,
1353 1200 1432 1237 Tib.
1459 1201 1487 1236 I.
1513 1202 1547 1237 4.
1576 1202 1621 1237 65
1647 1212 1747 1247 sqq.;
1774 1201 1863 1237 Aen.
1889 1200 1917 1236 Ι.
1945 1201 2026 1237 607.

921 1264 965 1299 In
990 1263 1086 1299 freta
1111 1262 1194 1298 dum
1219 1262 1317 1297 fluvii
1344 1265 1500 1303 current,
1528 1261 1613 1297 dum
1639 1261 1825 1297 montibus
1851 1260 2000 1296 umbrae

920 1323 1148 1359 Lustrabunt
1173 1333 1337 1363 convexa,
1364 1321 1470 1366 polus
1497 1321 1582 1357 dum
1608 1321 1729 1357 sidera
1753 1323 1891 1366 pascet,

921 1384 1073 1429 Semper
1098 1383 1210 1419 honos
1236 1392 1437 1427 nomenque
1463 1384 1567 1417 tuum
1592 1381 1792 1427 laudesque
1817 1380 2027 1418 manebunt.

263 1455 311 1491 id.
344 1454 409 1491 IV.
435 1455 506 1491 447
535 1466 614 1500 sqq.
653 1475 696 1481 —-
732 1454 813 1491 Hoc
840 1466 975 1502 genere
1008 1454 1151 1491 dicendi
1185 1454 1270 1500 quin
1295 1453 1381 1489 Hor.
1419 1453 1456 1489 in
1483 1465 1514 1489 v.
1542 1453 1587 1489 37
1614 1464 1693 1500 sqq.
1720 1464 1811 1498 usus
1841 1453 1900 1497 sit,
1927 1453 2050 1489 nullus
2084 1452 2224 1489 dubito.
2277 1452 2382 1497 Quod
2413 1464 2498 1489 vero
2523 1453 2564 1488 P.
2591 1454 2716 1499 posuit

261 1514 424 1552 scribere
451 1513 621 1551 debuisse
648 1516 948 1562 grammaticum,
977 1517 1040 1562 qni
1071 1515 1144 1551 suis
1178 1515 1283 1561 nugis
1309 1525 1453 1550 carmen
1485 1514 1723 1560 locupletarit
1756 1514 1957 1556 „saeviet,“
1994 1512 2217 1555 „insultabit
2221 1518 2253 1555 ,“
2289 1525 2361 1549 non
2399 1513 2587 1559 scripsisse
2622 1524 2715 1558 eum,

263 1586 358 1622 quae
396 1578 497 1611 recta
535 1577 640 1618 sunt,
683 1576 858 1621 quoniam
895 1578 1013 1611 metro
1051 1575 1246 1622 impeditus
1284 1577 1380 1610 esset
1419 1575 1538 1611 dicere
1577 1574 1835 1617 „insultabit,“
1876 1574 2192 1610 vehementissime
2230 1574 2375 1611 erravit.
2438 1573 2533 1610 Nam
2570 1576 2714 1611 tantum

264 1635 387 1676 abest,
426 1637 468 1670 ut
502 1635 632 1671 modus
667 1635 924 1672 subiunctivus
958 1636 1009 1671 sit
1040 1638 1165 1672 contra
1198 1635 1410 1671 Latinitatis
1447 1635 1567 1681 leges,
1607 1637 1650 1671 ut
1682 1634 1791 1671 aliter
1823 1633 1935 1671 scribi
1968 1646 2041 1670 non
2078 1634 2252 1680 potuerit.
2309 1634 2454 1670 Etenim
2492 1646 2565 1671 non
2603 1636 2713 1678 recta,

265 1707 374 1742 quam
400 1698 543 1737 vocant,
579 1696 747 1732 oratione
783 1696 925 1741 aliquid
952 1698 1163 1733 eventurum
1198 1706 1274 1731 esse
1300 1695 1542 1741 praedicatur,
1576 1695 1641 1732 sed
1666 1697 1827 1741 optatur,
1860 1697 1904 1731 ut
1928 1695 2092 1739 eveniat;
2127 1695 2165 1731 in
2191 1695 2442 1731 enuntiatione
2475 1695 2652 1743 primaria
2685 1695 2717 1731 si

263 1756 469 1802 legeremus
497 1754 753 1801 „regnabunt“
792 1755 967 1802 „stabit,“
987 1756 1245 1800 Peerlkampus
1263 1756 1425 1796 haberet,
1445 1767 1507 1791 cur
1524 1766 1658 1801 genere
1676 1755 1821 1791 dicendi
1839 1755 2104 1798 offenderetur;
2130 1766 2225 1791 nunc
2241 1766 2327 1791 vero
2352 1755 2459 1791 modo
2486 1754 2716 1792 subiunctivo

264 1817 392 1851 atrum·
412 1815 561 1861 signum
587 1814 742 1851 allinere
768 1817 978 1851 transverso
998 1815 1135 1852 calamo
1160 1815 1392 1861 praeproperi
1419 1817 1476 1851 est
1500 1814 1637 1850 iudicii.
1675 1814 1796 1851 Etiam
1822 1825 1878 1861 ep.
1902 1813 1980 1850 XV.
1999 1824 2105 1857 7—9,
2132 1814 2218 1860 quia
2243 1813 2392 1860 obliqua
2408 1814 2525 1850 utitur
2541 1815 2716 1850 Horatius

267 1874 445 1918 oratione,
480 1873 736 1911 subiuntivum
768 1874 821 1910 ibi
855 1875 991 1921 posuit,
1029 1873 1091 1911 ubi
1126 1875 1155 1911 si
1188 1877 1288 1911 recta
1321 1886 1406 1911 usus
1444 1878 1558 1919 esset,
1591 1876 1624 1910 ei
1651 1874 1845 1911 dicendum
1870 1874 1943 1911 fnit
1969 1874 2077 1917 „dum
2110 1903 2214 1911 .....
2222 1874 2390 1911 turbabit
2421 1902 2525 1910 .....
2535 1874 2717 1922 cogitabit

271 1964 279 1971 .
295 1963 304 1971 .
319 1936 443 1971 .erit.“
473 1955 517 1960 —
545 1934 638 1970 Inde
664 1946 811 1980 quoque
836 1935 878 1970 P.
907 1936 1082 1981 cognovit
1106 1936 1438 1980 interpolationem,
1462 1936 1559 1981 quod
1583 1935 1685 1971 busti
1709 1935 1845 1972 Priami
1869 1935 1937 1972 fiat
1961 1936 2109 1972 mentio.
2162 1934 2323 1978 „Contra
2347 1935 2550 1977 historiam,
2576 1936 2716 1981 inquit;

266 1995 437 2031 Priamus
463 2006 536 2030 non
561 1994 695 2031 habuit
720 1993 905 2030 bustum-⁴
952 1995 1065 2039 Quasi
1090 2006 1172 2031 vero
1197 1995 1303 2031 modo
1328 1995 1378 2039 id,
1404 1995 1502 2041 quod
1518 1995 1559 2031 P.
1579 1994 1676 2041 apud
1702 2006 1786 2032 suos
1811 1997 1978 2032 auctores
2003 1995 2109 2042 legit,
2136 1994 2180 2031 (16
2197 1995 2334 2031 Priami
2360 1995 2513 2031 interitu
2538 1994 2717 2031 traditum

267 2054 319 2091 sit
343 2054 403 2099 (cf.
432 2054 541 2091 Paus.
569 2054 613 2090 X.
642 2054 755 2099 27³),
795 2056 860 2090 aut
887 2054 993 2100 quasi
1019 2054 1174 2090 Horatio
1208 2066 1280 2090 non
1304 2055 1450 2091 licuerit
1483 2054 1642 2101 digitum
1668 2057 1916 2091 transversum
1943 2066 1966 2090 a
1995 2054 2144 2091 traditis
2169 2054 2303 2091 fabulis
2328 2054 2532 2096 discedere,
2557 2054 2596 2090 id
2621 2054 2718 2099 quod

266 2116 386 2151 facere
413 2126 487 2150 non
514 2114 706 2150 dubitasse
732 2117 863 2159 poetas
890 2114 999 2151 docet
1017 2114 1121 2150 Ovid.
1158 2115 1233 2150 Am.
1258 2115 1326 2151 ΠΙ.
1355 2116 1458 2157 1241,
1486 2127 1528 2151 ex
1552 2115 1659 2151 Pont.
1686 2115 1753 2151 ΠΙ.
1781 2116 1863 2151 948.
1890 2114 1934 2151 cf.
1960 2115 2049 2152 Hor.
2074 2114 2155 2151 Art.
2180 2117 2278 2160 poet.
2305 2126 2337 2151 v.
2367 2115 2445 2151 119.
2483 2113 2650 2160 Denique
2676 2125 2718 2150 ex

263 2175 321 2218 iis,
348 2186 442 2221 quae
468 2174 600 2210 attulit
625 2174 678 2217 Ρ.,
705 2186 779 2210 non
805 2177 932 2220 potest
957 2174 1123 2211 concludi
1140 2175 1322 2211 Priamum
1347 2186 1532 2221 nunquam
1560 2175 1731 2211 affectum
1758 2186 1836 2211 csse
1862 2175 2062 2221 sepultura.
2094 2175 2199 2211 Paris
2225 2185 2247 2210 a
2264 2175 2431 2211 Troianis
2456 2174 2623 2221 sepultus
2649 2177 2716 2211 est.

264 2235 310 2272 cf.
337 2234 501 2271 Preller:
529 2233 675 2271 Griech.
701 2234 820 2282 Myth.
839 2234 989 2271 11.442.
1009 2255 1053 2261 —-
1073 2235 1209 2271 Similis
1234 2234 1371 2271 farinae
1396 2235 1489 2271 illud
1507 2238 1575 2276 est,
1601 2234 1699 2282 quod
1725 2235 1816 2272 dicit
1840 2235 1882 2271 P.
1909 2235 2139 2282 grammatici
2164 2237 2375 2281 portentum
2400 2234 2485 2271 inde
2510 2245 2654 2281 quoque
2679 2246 2718 2271 se

266 2306 475 2342 agnoscere,
511 2295 610 2341 quod
644 2295 740 2331 aliae
773 2306 905 2331 causae
937 2295 1090 2331 Iunonis
1125 2295 1199 2331 irae
1229 2298 1474 2332 memorentur
1509 2296 1607 2342 apud
1638 2296 1853 2343 Vergilium.
1905 2295 2003 2333 Num
2035 2295 2143 2333 modo
2177 2306 2230 2339 ea,
2257 2306 2350 2342 quae
2384 2294 2482 2341 apud
2514 2295 2717 2342 Vergilium

266 2355 433 2391 videmus
461 2355 609 2400 scripta,
638 2355 682 2391 de
709 2355 862 2391 Iunonis
889 2355 945 2391 ira
970 2354 1110 2392 tradita
1134 2356 1261 2392 erant?
1286 2356 1388 2398 Vide,
1416 2367 1562 2402 quaeso,
1589 2356 1678 2403 quid
1704 2356 1856 2393 Ovidius
1882 2356 1951 2392 hac
1977 2355 2022 2392 de
2047 2367 2086 2392 re
2112 2356 2220 2393 dicat.
2247 2356 2347 2392 Fast.
2374 2356 2435 2392 VI.
2460 2356 2525 2392 43:

923 2426 1043 2463 Causa
1068 2426 1199 2472 duplex
1224 2428 1308 2469 irae,
1334 2430 1441 2474 rapto
1469 2428 1677 2475 Ganymede
1704 2427 1882 2471 dolebam,

924 2486 1061 2523 Forma
1086 2497 1228 2533 quoque
1254 2488 1363 2525 Idaeo
1389 2488 1508 2525 iudice
1533 2489 1632 2525 victa
1656 2499 1737 2524 mea
1762 2490 1829 2524 est.

267 2559 496 2605 Quamquam
524 2571 609 2596 vero
636 2560 816 2596 Horatius
843 2560 1009 2606 graviter
1040 2559 1283 2596 vindicantem
1316 2561 1405 2597 facit
1434 2561 1611 2597 Iunonem
1645 2561 1683 2596 in
1717 2561 1894 2597 Troianos
1925 2563 2077 2606 propter
2107 2561 2244 2597 laesam
2277 2560 2404 2603 fidem,
2437 2560 2618 2607 pollutum
2655 2561 2721 2597 ho-

263 2619 428 2665 spitium,
455 2620 593 2657 factum
619 2620 857 2663 adulterium,
883 2622 1006 2656 tamen
1032 2618 1143 2655 verba
1170 2620 1349 2662 „incestus
1374 2620 1503 2657 iudex‘·
1531 2620 1622 2657 satis
1649 2620 1838 2656 declarant
1864 2620 1974 2656 etiam
2000 2619 2100 2666 apud
2124 2620 2318 2656 Horatium
2352 2631 2432 2657 cum
2463 2619 2718 2667 indignatione

263 2679 472 2716 meminisse
499 2679 604 2716 deam
630 2679 808 2716 iudicium
835 2678 981 2715 Paridis
1007 2678 1248 2726 iniuriamque
1273 2683 1415 2727 spretae
1442 2681 1589 2717 formae.

487 2754 514 2796 ¹)
541 2751 711 2788 Ritterus
744 2751 857 2788 verba
890 2751 1000 2794 „dum
1035 2751 1185 2798 longus.
1201 2779 1209 2788 .
1225 2781 1232 2788 .
1248 2781 1256 2788 .
1295 2754 1458 2790 saeviat“
1495 2753 1555 2800 ((16
1588 2752 1709 2790 verbis
1739 2752 1847 2796 „dum
1880 2780 1888 2788 .
1904 2781 1912 2788 .
1928 2753 2117 2789 .insultet.
2133 2780 2141 2789 .
2157 2756 2194 2788 .“
2222 2752 2316 2788 nihil
2341 2752 2485 2797 scribit)
2510 2763 2576 2798 per
2600 2755 2720 2788 trans·

266 2811 448 2847 lationem
474 2812 528 2847 ita
562 2812 848 2858 interpretatur:
885 2811 1103 2854 „dummodo
1130 2823 1233 2848 omne
1259 2814 1511 2850 commercium
1542 2814 1639 2850 inter
1668 2813 1820 2849 Romam
1845 2815 1884 2849 et
1907 2812 2057 2849 Italiam
2082 2812 2232 2849 vitatur.
2284 2812 2428 2858 Quippe
2453 2813 2590 2849 saevire
2615 2823 2721 2858 prae-

268 2872 426 2908 sumitur
451 2883 551 2909 mare
576 2884 598 2909 a
624 2873 748 2909 nautis
774 2872 933 2909 vitatum
960 2883 1003 2909 ac
1029 2871 1250 2910 desertum.·⁴
1297 2873 1366 2911 Hic
1399 2885 1573 2921 quaerere
1597 2874 1704 2918 licet,
1732 2876 1855 2911 utrum
1879 2883 1979 2910 mare
2004 2878 2259 2920 praesumatur
2284 2873 2443 2918 saevire,
2470 2872 2557 2920 quia
2581 2873 2721 2910 vitatur

268 2943 292 2969 a
317 2933 453 2976 nautis,
479 2944 527 2970 an
553 2944 634 2970 cum
660 2933 812 2970 vitatur.
864 2932 1072 2979 Utrumque
1105 2943 1190 2969 vero
1216 2932 1410 2972 absurdum
1436 2937 1503 2972 est.
1531 2955 1576 2963 —
1602 2934 1820 2976 Audaciore,
1847 2936 1890 2971 ut
1913 2934 2097 2971 levissime
2122 2933 2259 2977 dicam,
2285 2933 2528 2971 translatione
2551 2944 2638 2969 usus
2664 2937 2720 2969 est

272 2992 513 3035 Duontzerus,
540 3005 620 3030 cum
646 2994 736 3030 haec
761 2994 930 3039 scripsit:
960 2993 1071 3036 „dum
1096 2993 1228 3040 longus
1237 3022 1339 3031 .....
1371 2996 1512 3032 saeviat
1538 2995 1572 3032 d.
1599 2996 1634 3031 h.
1661 3007 1701 3031 so
1726 2996 1835 3043 lange
1860 2996 1953 3032 Rom
1979 2995 2083 3032 nicht
2108 2995 2218 3042 Troia
2243 2994 2367 3043 gleich
2392 2994 2463 3032 den
2488 2992 2720 3031 Verbrechen

269 3052 351 3090 sich
391 3052 577 3100 hingiebt,
614 3053 702 3090 dnm
733 3053 898 3090 Primani
938 3080 1067 3089 ......
1076 3053 1249 3089 insultet.
1265 3082 1273 3089 .
1289 3082 1296 3090 .
1311 3082 1319 3090 .
1358 3055 1391 3091 d.
1419 3056 1455 3091 h.
1495 3067 1535 3091 so
1567 3056 1677 3103 lange
1709 3055 1943 3093 Verbrechen
1974 3055 2133 3103 gestraft
2163 3055 2238 3092 und
2270 3055 2329 3092 die
2361 3055 2515 3093 Gesetze
2548 3054 2721 3101 geachtet

276 3112 456 3150 werdenf‘
485 3113 603 3158 Quam
629 3113 723 3150 nihil
750 3116 808 3150 est
832 3113 990 3150 fecunda
1014 3113 1165 3150 licentia
1190 3116 1311 3151 vatum
1336 3116 1382 3152 ad
1406 3115 1594 3153 licentiam
1619 3116 1880 3162 interpretum!

484 3188 511 3233 ²)
537 3190 596 3223 ter
626 3198 659 3222 v.
694 3186 740 3223 65
773 3196 853 3232 sqq.
881 3185 1071 3233 significat
1095 3196 1215 3233 saepe.
1270 3186 1416 3224 Etenim
1447 3188 1598 3225 Iunonis
1637 3188 1676 3225 in
1710 3187 1888 3247 Troianos
1913 3188 2045 3226 odium
2076 3200 2149 3227 non
2182 3189 2498 3237 circumscriptum
2533 3191 2590 3226 est
2620 3192 2722 3227 certo

272 3245 430 3292 quodam
455 3246 633 3294 temporis
660 3246 794 3293 spatio,
821 3245 887 3282 sed
912 3245 1100 3281 infinitum
1124 3248 1237 3292 atquc
1266 3249 1452 3284 aeternum
1478 3251 1545 3285 est.

488 3321 515 3365 ³)
542 3320 615 3357 vid.
643 3320 756 3357 etiam
782 3318 889 3356 ovid.
916 3318 1019 3356 Fast.
1047 3317 1111 3355 VI.
1138 3318 1182 3355 31
1210 3329 1288 3366 sqq.
