2920 3717
194 463 384 548 queem
412 436 581 525 operose
611 470 866 526 ωυεοεοίεοο
897 471 1170 528 congestaque
1203 467 1461 517 monstruoso
1489 434 1721 527 0011ng

1290 740 1393 807 Od
1447 740 1553 806 ΠΙ
1784 829 2560 882 ινιιωοκιοαιι-ωίο-ριιιωφοιι-ιικ

424 872 508 948 De
545 905 726 949 carmine
753 906 879 950 tertio
910 907 977 950 tot
1005 906 1185 962 prolatae
1226 905 1323 948 sunt
1368 904 1668 960 explicationes,
1707 906 1823 960 quot,
1864 905 1902 949 si
1940 917 1974 950 c.
2018 906 2052 950 L
2092 907 2149 951 28
2188 906 2382 964 excipias,
2415 905 2553 968 ποιοὶο
2573 914 2644 956 m

190 976 245 1022 de
287 977 405 1022 nullo
452 976 685 1030 carminum
723 976 1056 1022 Horatianorum.
1117 974 1414 1031 Quaerentibus
1454 977 1609 1029 autem,
1649 988 1755 1032 quae
1793 988 1938 1021 causa
1946 976 2017 1030 sit,
2049 989 2125 1024 ,cur
2145 978 2275 1025 tanta
2310 971 2548 1037 opinionum
2574 975 2643 1028 sit

192 1045 487 1106 discrepantia,
517 1050 568 1093 ut
596 1049 884 1106 interpretum
925 1050 1129 1106 quotquot
1157 1048 1412 1102 exstiterunt,
1443 1047 1516 1092 alii
1544 1047 1669 1093 aliter
1703 1047 1905 1094 senserint
1935 1048 1985 1093 de
2014 1048 2095 1095 hoc
2125 1050 2321 1100 carmine.
2342 1048 2643 1107 responderam

192 1120 364 1166 Iunonis
386 1121 624 1165 orationem
654 1123 699 1165 et
727 1121 924 1165 ultimam
954 1120 1143 1164 carminis
1163 1120 1373 1176 stropham
1402 1119 1453 1162 iis
1483 1120 1616 1163 visam
1647 1132 1735 1164 esse
1765 1119 1942 1176 dignum
1974 1119 2135 1165 vindice
2167 1120 2333 1169 nodum,
2397 1120 2513 1175 Quae
2541 1120 2642 1171 deae

188 1193 326 1238 oratio
365 1194 409 1237 et
443 1191 640 1236 carminis
681 1192 871 1236 clausula
905 1191 1110 1248 quomodo
1148 1192 1387 1237 cohaereant
1423 1204 1520 1235 cum
1550 1191 1615 1244 iis,
1648 1204 1753 1247 quae
1782 1190 2047 1247 praecedunt,
2085 1193 2247 1239 veteres
2283 1193 2529 1248 interpretes
2561 1192 2643 1243 aut
2676 1186 2690 1203 ’·
2717 1186 2735 1208 ’“

191 1264 299 1310 nihil
329 1263 521 1308 dixerunt
550 1289 612 1297 -
642 1263 919 1308 recentiorum
957 1276 1117 1320 quoque
1147 1263 1271 1307 multi
1298 1262 1403 1307 hanc
1442 1262 1724 1318 quaestionem
1764 1262 1970 1320 integram
2000 1262 2281 1320 intactamque
2310 1263 2552 1320 relinquunt
2580 1273 2641 1304 -.-:-

190 1337 270 1381 ant
299 1336 548 1380 censuerunt
566 1334 792 1379 Horatium
813 1334 1044 1392 digressum
1061 1347 1150 1379 esse
1169 1347 1195 1379 a
1223 1346 1267 1378 re
1286 1335 1493 1392 proposita
1523 1333 1577 1378 ad
1597 1346 1770 1391 eamque
1789 1335 1832 1382 iii
1864 1334 1976 1381 exitu
1995 1334 2189 1383 carminis
2208 1335 2269 1385 ita
2298 1347 2387 1383 sese
2415 1329 2639 1385 revocasse,

191 1409 243 1451 ut
272 1407 420 1450 Musae
451 1406 665 1450 licentiam
695 1406 969 1462 praescriptos
999 1419 1121 1463 gyros
1150 1405 1352 1462 migrandi
1387 1406 1610 1450 refrenaret
1618 1406 1669 1461 ¹),
1692 1418 1819 1461 quam
1850 1406 2099 1450 sententiam
2117 1407 2191 1462 qui
2221 1407 2501 1463 comprobent,
2531 1418 2641 1457 nune

190 1491 356 1536 quoqne
397 1477 675 1522 inveniuntur.
738 1476 861 1531 Quod
902 1490 997 1521 vero
1036 1476 1258 1525 defendunt
1292 1476 1515 1526 Horatium
1550 1490 1664 1526 more
1702 1477 1904 1534 modoque
1943 1477 2115 1522 Pindari
2155 1478 2450 1537 digressionem
2495 1476 2641 1529 fecisse

188 1552 471 1608 quartumque
515 1562 681 1593 carmen
742 1550 991 1606 Pythiorum
1052 1549 1294 1593 imitandum
1344 1549 1425 1593 sibi
1466 1550 1743 1606 proposuisse,
1779 1545 1883 1606 ego.
1913 1563 2009 1593 vero
2062 1550 2250 1599 existimo
2294 1563 2369 1594 nec
2407 1549 2640 1600 Pindarum

189 1622 476 1668 huiuscemodi
507 1634 699 1679 egressus
728 1621 875 1666 fecisse
906 1634 980 1665 nec
1011 1621 1074 1669 illi
1103 1621 1284 1673 carmini,
1316 1621 1425 1677 quod
1445 1621 1637 1666 iubemur
1656 1622 1885 1683 respicere,
1917 1622 2050 1666 ullam
2079 1635 2167 1666 esse
2196 1620 2514 1667 similitudinem
2543 1619 2640 1672 ,cum

190 1709 225 1741 c.
257 1695 336 1740 111.
370 1695 412 1739 3.
475 1694 644 1738 Etenim
664 1692 841 1739 materia
862 1693 991 1750 epica,
1024 1706 1149 1750 quam
1169 1693 1370 1738 Pindarus
1400 1693 1443 1737 in
1474 1693 1658 1751 epiniciis
1679 1695 1848 1748 tractat,
1882 1707 1978 1743 cum
2008 1694 2178 1752 reliquis
2199 1694 2431 1741 carminum
2451 1693 2640 1752 partibus

188 1770 281 1813 arte
311 1766 517 1811 cohaeret.
581 1766 632 1810 In
662 1765 742 1809 hoc
770 1762 895 1809 illove
927 1766 1105 1810 carmine
1133 1765 1268 1811 minus
1298 1765 1405 1812 cerni
1442 1778 1573 1822 posse,
1613 1767 1686 1823 qui
1723 1766 1779 1811 sit
1805 1763 2038 1820 'contextus,
2080 1779 2161 1814 non
2190 1766 2369 1819 infitior;
2408 1765 2516 1810 illud
2544 1777 2640 1810 vero

187 1840 296 1898 nege
326 1838 437 1892 inde,
468 1837 580 1894 quod
610 1850 905 1894 nonnunquam
940 1837 1049 1894 apud
1077 1837 1300 1884 Pindarum
1339 1850 1421 1882 non
1459 1850 1644 1892 conexae,
1682 1838 1754 1883 sed
1785 1838 1993 1895 praecisae
2023 1838 2240 1884 videantur
2269 1839 2457 1897 singulae
2486 1839 2638 1895 partes,

186 1913 356 1968 poetam
399 1910 636 1966 putandum
676 1922 765 1953 esse
809 1909 1019 1953 deflexisse
1070 1910 1194 1965 atque
1234 1911 1439 1954 aberrasse
1479 1923 1506 1953 a
1542 1923 1586 1954 re
1633 1911 1855 1967 proposita.
1921 1910 2112 1966 Namque
2151 1912 2187 1955 si
2224 1911 2375 1960 melius
2413 1923 2639 1962 nossemus,

185 1982 333 2039 quales
378 1981 545 2034 fuerint,
590 1980 692 2036 quid
733 1981 937 2037 gesserint
973 1980 1016 2033 ii,
1063 1993 1165 2037 quos
1206 1983 1317 2025 vates
1356 1981 1576 2029 Thebanus
1615 1983 1781 2031 centum
1827 1982 1984 2038 potiore
2024 1982 2153 2039 signis
2198 1995 2365 2027 munere
2410 1981 2549 2034 donat,
2597 1980 2640 2024 in

186 2053 381 2099 omnibus
411 2052 666 2097 carminibus
705 2051 890 2097 lucidam
928 2052 1225 2099 sententiarum
1264 2053 1580 2109 perpetuitatem
1620 2052 1930 2103 admiraremur.
1994 2054 2056 2098 At
2091 2055 2298 2110 quantum
2327 2053 2502 2098 interest
2531 2053 2640 2103 inter

185 2125 418 2171 Pindarum
448 2126 492 2169 et
521 2124 768 2170 Horatium!
802 2123 926 2168 illum
952 2125 993 2170 si
1024 2124 1274 2169 contenderis
1303 2125 1513 2183 agitatum
1543 2125 1681 2169 divino
1711 2125 1892 2181 quodam
1933 2125 2136 2172 instinctu
2166 2138 2334 2177 cursum
2363 2139 2444 2184 pon
2479 2138 2640 2182 semper

187 2197 383 2251 tenuisse,
415 2195 650 2264 probabilia
682 2196 865 2253 proferre
897 2195 1094 2249 videaris;
1125 2196 1233 2241 hunc
1264 2210 1369 2250 vero,
1401 2197 1473 2253 qui
1501 2208 1716 2254 nunquam
1732 2197 1821 2245 ruit
1850 2197 2004 2244 flumen
2033 2199 2083 2243 ut
2111 2198 2332 2243 hibernum
2362 2197 2429 2243 vel
2458 2197 2501 2241 in
2531 2197 2638 2241 altos

185 2269 361 2315 nubium
391 2270 554 2314 tractus
585 2267 735 2321 tendit,
769 2267 886 2312 nullo
914 2267 1006 2315 iure
1036 2267 1170 2312 dicere
1199 2270 1312 2325 potes
1344 2270 1560 2326 tamquam
1590 2270 1657 2314 sui
1687 2269 1871 2316 nescium
1900 2269 2166 2327 praecipitem
2197 2270 2295 2320 ferri
2325 2271 2370 2315 et
2399 2269 2451 2314 ab
2481 2269 2566 2314 alia
2594 2281 2638 2319 re

186 2341 326 2394 ordiri,
358 2341 487 2385 aliam
517 2340 562 2383 in
593 2339 729 2383 medio
761 2339 943 2384 carmine
981 2341 1173 2384 tractare.
1236 2340 1456 2385 Commode
1496 2342 1605 2391 enim
1637 2341 1990 2396 Friedlaenderus,
2033 2342 2145 2387 haud
2185 2342 2437 2399 spernendus
2473 2340 2640 2398 pulchri
2671 2384 2673 2387 ,

184 2412 430 2468 venustique
467 2412 738 2463 existimator,
779 2410 948 2456 Horatii
977 2410 1150 2466 lyricam
1170 2413 1322 2467 ⁸artem
1364 2413 1569 2469 appellat:
1611 2413 1760 2457 immer
1793 2412 1965 2466 studirt,
2007 2412 2210 2458 reflektirt
2246 2413 2332 2463 und
2364 2416 2448 2457 ‘nur
2488 2426 2540 2457 zu
2573 2412 2640 2464 ,oft

184 2484 407 2542 gequmw)
476 2483 537 2528 Ut
583 2484 727 2530 autem
763 2484 876 2534 sunt,
915 2481 1068 2538 quibus
1105 2484 1269 2539 propter
1304 2484 1472 2534 Iunonis
1509 2484 1738 2534 orationem
1780 2486 1920 2530 totum
1966 2497 2131 2535 carmen
2176 2485 2391 2544 obscurius
2435 2473 2637 2538 videatur,

182 2568 313 2612 quam
351 2557 401 2599 ut
443 2554 577 2612 possit
616 2554 874 2609 illustrari,³)
915 2553 975 2598 sic
1011 2566 1098 2602 ,non
1132 2554 1292 2618 desunt,
1331 2556 1403 2612 qui
1438 2568 1682 2613 persuasum
1719 2556 1901 2606 habeant
1934 2556 2045 2608 hanc
2082 2557 2218 2613 ipsam
2259 2556 2360 2601 deae
2398 2556 2637 2612 orationem,

185 2627 295 2672 huuc
324 2627 464 2684 ipsum
495 2626 691 2673 carminis
729 2626 890 2673 exitum
921 2626 965 2673 et
1002 2625 1236 2671 testimonio
1272 2640 1359 2672 esse
1397 2628 1447 2673 de
1488 2641 1533 2672 re
1571 2628 1742 2673 maximi
1780 2620 1982 2673 momenti
2012 2628 2083 2686 agi
2112 2634 2153 2673 et
2182 2641 2326 2690 ansam
2356 2628 2454 2673 dare
2483 2627 2639 2680 solidae

190 2713 241 2744 ac
271 2712 394 2745 sanae
431 2699 703 2746 coniecturae.
768 2698 826 2746 Et
867 2700 962 2742 v'ero
993 2698 1142 2747 acriter
1182 2701 1405 2757 arguteque
1443 2701 1647 2758 Tanaquil
1690 2701 1874 2753 Faberus
1911 2701 2019 2755 inde,
2058 2700 2168 2758 quod
2205 2701 2308 2747 Iuno
2345 2701 2472 2747 etiam
2509 2701 2641 2767 ,atque

409 2868 437 2912 ¹)
463 2865 647 2903 Seebodes
672 2861 809 2903 Archiv
837 2865 930 2903 1825
957 2875 991 2912 p.
1013 2866 1089 2903 -659
1123 2876 1200 2913 sqq.

403 2928 432 2974 ²)
461 2926 506 2964 d.
532 2930 727 2973 praeterea
752 2924 909 2972 Campe.-
942 2925 1188 2965 Literarische
1212 2926 1426 2969 Tendenzen
1459 2928 1535 2972 und
1559 2928 1743 2972 Znsttnde
1772 2939 1822 2973 ιιι
1846 2928 1940 2966 Boin
1964 2929 2015 2966 im
2038 2929 2216 2974 Zeitalter
2245 2928 2314 2974 dee
2338 2928 2471 2974 Horas.
2513 2929 2638 2975 Jahns

182 2985 316 3027 Jahrb.
343 2984 452 3030 ..1871
474 2996 514 3034 p.
548 2985 622 3023 463
655 2995 748 3033 sqq„
775 2984 956 3036 imprimis
972 2984 1297 3034 p ⁵53311erden
1324 2987 1563 3026 Stmmtliehe
1587 2987 1723 3025 Werke
1748 2999 1811 3030 sur
1835 2988 1997 3026 schonau
2013 2988 2204 3032 Literatur
2230 2988 2306 3029 und
2320 2989 2446 3032 Kunst
2471 2989 2521 3027 11.
2549 2990 2639 3034 114·

192 3045 234 3083 Ο.
259 3045 412 3086 Effluet:
440 3045 585 3083 Griech.
611 3045 686 3085 Lit.
710 3044 741 3081 Ι.
767 3044 859 3089 2863
891 3044 1017 3081 Anton
1049 3030 1234 3093 Zingerle.
1272 3046 1423 3085 Ovidius
1453 3047 1530 3092 mid
1554 3048 1634 3092 sein
1663 3047 1897 3094 Verhssitniss
1922 3059 1973 3093 ιιι
2005 3048 2082 3113 deii
2106 3048 2350 3104 Vorgtngeru
2381 3048 2460 3094 ππᾶ
2500 3048 2640 3097 gleich-

185 3105 351 3154 zeitigen
381 3105 588 3144 romischen
619 3104 811 3144 Dichtern.
870 3103 1309 3144 fasc.111.1nnnbruek
1342 3107 1427 3146 1871
1467 3118 1503 3156 p
1535 3107 1583 3146 ³6
1617 3118 1697 3156 sqq.

402 3166 432 3210 ⁸)
458 3165 622 3203 Steiner.
659 3164 905 3203 Commentat.
937 3164 1067 3202 Horat.
1102 3165 1285 3212 specimen
1312 3167 1364 3205 Π.
1387 3167 1603 3206 Kreusnmli
1636 3167 1729 3205 1847
1763 3178 1805 3215 Ρ.-
1834 3169 1868 3211 9,
1895 3178 2145 3225 ..quamquam
2169 3142 2417 3213 confitendum
2433 3169 2511 3205 est
2521 3162 2639 3206 hodie

185 3236 256 3262 iios
270 3237 354 3263 non
365 3225 480 3263 node
491 3225 601 3264 'hane
596 3228 763 3273 partem.
789 3225 857 3263 sed
873 3227 994 3274 totum
1011 3236 1158 3263 carmen
1174 3236 1302 3272 parum
1316 3228 1548 3310 intelligere,
1567 3238 1653 3266 cun
1664 3224 1822 3275 propter
1831 3220 1969 3266 Troiae
1985 3219 2375 3309 οοηοιπριιῆοωοιπ
2383 3228 2638 3276 gii-mium
2684 3272 2687 3276 ἢ
2759 3263 2775 3280 ,ι
2819 3190 2900 3262 ζ

187 3283 296 3323 illam
319 3284 479 3332 quidem,
508 3284 575 3323 sed
599 3284 706 3324 nobis
728 3272 992 3338 perobscurum
1011 3310 1136 3326 .....
1152 3314 1174 3327 ,.
1199 3289 1221 3324 .‘

1928 3700 1945 3717 *s
1958 3687 1966 3692 ’
1984 3674 1985 3677 1
2012 3703 2036 3717 .·
2049 3667 2372 3717 m.„h52?=fflfflffl
