2920 3717
1460 173 1515 217 18

245 300 345 344 fore.
361 295 489 355 utro
516 301 591 358 qui
610 302 799 358 Augusti
828 303 1087 360 temporibus
1107 304 1152 348 in
1182 304 1320 348 1uoem
1348 302 1517 358 prodiit,
1545 302 1737 362 inteueffl
1766 317 1846 351 non
1875 305 2043 359 Bootes
2087 306 2153 352 At.
2177 277 2429 364 quamquam
2448 280 2720 365 Roma-:suis-
2796 355 2801 359 ,

246 370 483 426 libidinum,
522 373 767 429 impietatis,
806 374 980 429 fraudis,
1019 375 1204 421 omnium
1245 374 1419 429 denique
1454 386 1677 430 pravarum
1716 376 1887 431 artium,
1927 378 2079 434 quibus
2116 377 2283 423 Troiam
2319 372 2501 423 dirutam
2529 388 2621 421 esse
2647 375 2711 421 ab
2739 419 2741 421 ,
2827 373 2869 413 Γ

247 443 377 489 iratis.
398 445 486 489 deis
515 446 681 501 putant,
714 445 835 500 quasi
854 445 1114 491 domicilium
1147 447 1189 490 et
1218 445 1332 490 sedes
1362 446 1466 498 erat,
1497 446 1638 490 tamen
1657 446 1879 504 imperium
1908 448 2144 509 Romanum
2163 450 2207 494 et
2236 450 2378 496 stabat
2399 448 2450 494 'et
2467 447 2642 494 florebat
2659 448 2704 492 et

249 515 432 571 quotidie
463 516 687 560 crescebat.
749 517 978 575 Egregiam
1007 510 1176 562 Iunonis
1206 516 1424 568 iustitiam,
1456 528 1564 572 quae
1592 518 1636 560 in
1665 531 1840 573 proavos
1869 519 2050 564 admisso
2079 521 2231 565 scelere
2261 521 2442 578 graviter
2470 518 2708 584 vindicarit,

249 588 418 641 nepotes
456 600 552 629 vero
584 601 611 630 a
641 588 760 631 nulla
788 589 1051 644 impudentia
1080 588 1415 644 turpitudineque
1442 588 1708 632 abhorrentes
1737 590 1781 632 in
1811 590 1898 633 dies
1927 592 2179 645 potentiores
2208 594 2334 648 atque
2365 592 2584 648 ampliores
2612 589 2703 635 fieri

203 650 205 652 ’
249 657 379 701 sinat!
443 657 560 701 Num
592 658 773 715 denique
805 674 946 705 omnes
977 660 1143 705 Troiani
1173 659 1272 703 adeo
1302 657 1473 714 flagitiis
1493 659 1787 704 commaculati
1807 662 1937 713 erant,
1970 662 2020 705 ut
2049 674 2124 707 suo
2155 663 2243 708 iure
2272 663 2366 720 quis
2385 663 2551 708 Troiam
2569 660 2710 719 possit

248 728 517 774 seminarium
550 730 733 776 cuiusvis
763 732 972 789 nequitiae
1000 733 1043 777 et
1069 731 1260 776 infamiae
1286 729 1493 785 appellare
1524 731 1775 786 cunctosque
1795 730 1994 776 Troianos
2014 743 2147 789 genus
2164 734 2413 779 sceleratum
2432 734 2703 792 impiumque,

249 801 359 857 quod
391 801 481 846 iure
512 803 745 861 meritoque
776 805 980 849 afflictum
1011 806 1054 849 et
1083 804 1273 848 vexatum
1293 801 1492 846 Horatius
1523 801 1700 845 voluerit
1730 801 1976 846 documento
2006 815 2096 848 esse
2124 805 2354 850 Romanis?
2383 806 2700 851 Laomedontem

249 874 386 917 solum
418 877 544 932 atque
576 877 773 921 Paridem
806 877 1007 921 Horatius
1039 889 1199 933 quoque
1229 876 1413 918 auctores
1444 874 1589 917 Troiae
1620 886 1789 917 occasus
1820 874 2093 931 existimat;²)
2124 871 2303 932 populus
2334 880 2477 922 contra
2506 878 2545 922 ei
2573 891 2701 934 purus

250 947 293 988 et
322 946 462 990 insons
494 947 673 991 videtur.
706 973 764 980 —
794 948 956 992 Ultima
987 962 1081 992 vero
1110 947 1278 1002 stropha
1306 946 1369 988 vel
1398 945 1576 988 maxime
1607 946 1759 997 obstat,
1791 946 2011 1000 quominus
2041 947 2093 990 iis
2124 949 2411 1007 assentiamur,
2443 950 2594 1006 quibus
2624 950 2701 994 hoc

250 1030 416 1062 carmen
448 1020 607 1064 morale
638 1033 726 1064 esse
757 1021 908 1075 placet.
973 1019 1055 1065 Cur
1085 1018 1251 1063 tandem
1281 1018 1414 1074 poeta,
1447 1017 1484 1061 si
1504 1016 1615 1061 cives
1644 1016 1891 1061 adhortatur
1910 1017 1964 1061 ad
1995 1017 2130 1062 nescio
2151 1031 2279 1075 quam
2298 1019 2512 1076 virtutem,
2543 1034 2569 1066 a
2587 1021 2702 1066 vitiis

251 1091 412 1142 avocat,
445 1104 489 1134 se
521 1105 609 1135 rem
639 1094 841 1136 tractasse
873 1091 977 1136 dicit
1008 1092 1141 1135 minus
1171 1090 1314 1133 Musae
1345 1102 1442 1132 suae
1474 1090 1799 1145 congruentem?
1861 1088 1946 1132 Cur
1974 1089 2060 1133 tale
2089 1090 2318 1146 quidquam
2349 1104 2423 1135 nec
2453 1093 2496 1136 in
2526 1093 2577 1137 iis
2610 1105 2700 1137 car·

251 1160 434 1206 minibus
466 1163 659 1215 occurrit,
693 1175 798 1218 quae
817 1163 1080 1219 praecedunt,
1112 1174 1184 1206 nec
1214 1161 1255 1205 in
1286 1161 1347 1212 iis,
1380 1173 1486 1216 quae
1507 1161 1749 1216 sequuntur,
1782 1172 2034 1217 quamquam
2054 1162 2104 1204 ut
2124 1161 2298 1205 tertium
2319 1163 2373 1204 ad
2394 1163 2547 1206 civium
2566 1177 2707 1207 mores.

251 1233 529 1278 emendandos
562 1235 852 1279 existimantur
881 1236 1097 1291 spectare?
1139 1233 1349 1288 Quomodo
1380 1234 1520 1275 autem
1541 1232 1755 1287 aptissime
1785 1232 1886 1275 haec
1917 1233 2087 1287 stropha
2118 1245 2214 1274 cum
2243 1234 2583 1288 praecedentibus
2604 1248 2700 1278 con-

250 1305 463 1361 iungatur,
492 1308 567 1349 aut
588 1309 730 1350 tacent
751 1308 1009 1361 interpretes,
1032 1308 1104 1349 aut
1125 1307 1159 1349 si
1180 1305 1415 1360 loquuntur,
1439 1303 1543 1346 miro
1564 1303 1743 1358 quodam
1766 1317 1965 1346 consensu
1986 1304 2069 1347 fere
2099 1317 2240 1347 omnes
2271 1304 2465 1347 ultimam
2487 1307 2704 1361 stropham-

251 1378 445 1420 carminis
481 1378 608 1432 primi
641 1379 736 1421 libri
768 1379 939 1421 secundi
971 1378 1204 1433 allegant.³)
1255 1377 1331 1420 Est
1361 1376 1461 1419 haec
1493 1375 1745 1431 comparatio
1778 1375 1912 1431 specie
1942 1375 2016 1419 illa
2047 1375 2215 1432 quidem
2244 1376 2398 1420 blanda
2429 1378 2472 1420 et
2503 1377 2698 1433 gratiosa,

476 1581 502 1624 ¹)
530 1579 634 1615 Ovid.
662 1579 742 1614 Am.
768 1579 837 1615 111.
865 1580 947 1614 4457.
966 1579 1135 1615 Rusticus
1162 1580 1217 1614 est
1241 1578 1402 1620 nimium,
1430 1588 1536 1623 quem
1562 1576 1679 1614 laedit
1704 1576 1872 1613 adultera
1898 1577 2046 1620 coniur,

1041 1639 1089 1674 Et
1114 1640 1219 1673 notos
1244 1648 1359 1673 mores
1385 1648 1458 1673 non
1484 1637 1574 1672 satis
1603 1636 1712 1673 Urbis
1738 1635 1859 1672 habet.

251 1709 284 1732 v.
311 1701 505 1743 praeterea
530 1683 632 1733 Fast.
659 1697 723 1733 IV.
754 1699 832 1740 157,
859 1698 938 1732 Art.
965 1698 1043 1732 Am.
1070 1698 1100 1732 Ι.
1127 1699 1194 1733 269
1221 1708 1317 1741 sqq.;
1346 1697 1454 1741 Prop.
1480 1695 1549 1731 ΠΙ.
1576 1696 1681 1731 30.47.

1067 1756 1136 1801 Qui
1163 1756 1302 1802 quaerit
1326 1756 1453 1793 Tatios
1480 1758 1620 1792 veteres
1646 1755 1827 1801 durasque
1855 1754 2020 1798 Sabinas

1161 1817 1228 1853 Hic
1252 1817 1373 1862 posuit
1398 1818 1525 1851 nostra
1551 1826 1667 1860 nuper
1691 1816 1729 1850 in
1755 1814 1845 1850 urbe
1870 1814 2011 1860 pedem.

249 1876 514 1913 Friedlaender
539 1876 569 1912 Ι.
596 1887 631 1921 p.
658 1877 741 1912 461.

469 1949 497 1994 ²)
523 1947 634 1983 Ennii
659 1947 841 1993 Tragoed.
867 1947 947 1983 rell.
974 1947 1176 1983 Alexander
1201 1959 1231 1982 v.
1259 1948 1303 1984 65
1319 1948 1440 1991 —69;
1466 1959 1497 1982 v.
1526 1947 1635 1984 etiam
1662 1948 1882 1992 interpretes
1908 1946 1955 1983 ad
1982 1946 2090 1993 Verg.
2119 1946 2161 1982 G.
2188 1946 2218 1983 Ι.
2237 1947 2319 1989 502,
2346 1947 2436 1984 Aen.
2462 1947 2524 1983 IV.
2544 1949 2625 1990 541,
2654 1948 2697 1984 V.

250 2008 340 2050 8113
368 2007 451 2044 Sen.
478 2007 607 2054 Agam.
635 2006 726 2050 863;
752 2007 798 2043 11.
823 2006 892 2043 ΠΙ.
919 2007 1043 2049 3950,
1077 2007 1179 2043 XIII.
1206 2008 1285 2050 769,
1320 2007 1415 2043 XXI.
1441 2007 1523 2049 442,
1556 2006 1689 2043 XXIV.
1716 2007 1773 2042 25.
1807 2005 1914 2042 Cadit
1939 2006 1976 2040 in
2003 2006 2189 2046 Troiano&
2223 2006 2320 2052 quod
2351 2006 2439 2042 Hor.
2465 2007 2532 2053 Ep.
2558 2008 2588 2042 Ι.
2616 2009 2698 2044 214„

249 2068 294 2102 de
320 2068 472 2103 Achivis
499 2067 601 2102 dixit.

467 2140 498 2183 ³)
522 2138 676 2174 Praeter
689 2137 931 2174 Ribbeckium
950 2139 988 2173 et
1004 2137 1286 2184 Bambergerum
1304 2138 1388 2183 (vid.
1411 2139 1535 2185 supra)
1554 2137 1670 2174 fusius
1688 2136 1733 2174 de
1750 2137 1921 2174 carminis
1941 2137 2104 2174 clausula
2121 2136 2371 2174 disseruerunt
2389 2137 2500 2175 etiam
2516 2137 2697 2175 Obbarius

250 2201 288 2234 et
313 2198 541 2234 Schuetzius.
584 2198 707 2243 Atque
732 2197 797 2234 ille
825 2197 971 2243 quidem
988 2196 1152 2234 ultimam
1178 2198 1365 2243 stropham
1381 2198 1514 2235 erroris
1531 2208 1654 2234 veram
1672 2196 1936 2234 confessionem
1962 2197 2157 2233 existimat.
2202 2197 2312 2239 „H0r.
2331 2197 2434 2234 hatte
2459 2197 2510 2233 im
2528 2197 2697 2245 Anfange

249 2260 394 2305 gesagt,
430 2268 470 2294 er
495 2258 604 2294 wolle
638 2257 698 2294 die
732 2257 881 2305 Jugend
911 2256 1086 2294 belehren
1118 2257 1191 2293 und
1217 2258 1421 2299 ermahnen,
1452 2258 1532 2293 hier
1565 2259 1703 2293 musste
1736 2267 1776 2292 er
1806 2257 1860 2292 als
1896 2256 2068 2292 Erotiker
2104 2267 2147 2292 zu
2182 2257 2365 2292 erkennen
2391 2256 2521 2303 geben,
2548 2257 2632 2293 dass
2658 2269 2697 2294 er

247 2316 457 2364 uberhaupt
482 2318 521 2353 in
548 2318 647 2354 allen
674 2318 753 2353 drei
780 2317 986 2353 Gedichten
1012 2317 1129 2353 zumal
1155 2317 1192 2352 in
1218 2317 1297 2353 dem
1322 2317 1457 2354 letzten
1483 2318 1583 2353 seine
1602 2317 1740 2353 Grenze
1766 2316 2047 2353 iiberschritten.
2098 2315 2176 2353 Auf
2195 2317 2338 2354 iocosae
2362 2317 2458 2364 liegt
2483 2317 2548 2354 der
2572 2317 2695 2354 Nach-

248 2377 398 2414 druck.“
450 2377 501 2413 At
544 2377 647 2413 nullo
681 2378 761 2413 iure
794 2377 985 2413 contendit
1017 2376 1197 2412 Obbarius
1235 2377 1378 2413 Horatii
1412 2378 1539 2423 poesin
1571 2377 1786 2413 amatoriam
1820 2385 1899 2413 esse
1933 2376 1992 2412 vel
2024 2376 2220 2422 praecipue
2253 2376 2308 2413 ita
2339 2376 2519 2422 appellari
2553 2376 2695 2413 debere.

246 2439 376 2485 Neque
401 2439 525 2474 minus
552 2438 693 2475 erravit
717 2438 774 2474 vir
800 2437 941 2480 doctus,
969 2448 1049 2474 cum
1076 2436 1168 2474 dixit
1194 2434 1417 2475 orationibus
1443 2437 1550 2475 modo
1576 2438 1614 2474 in
1632 2437 1745 2484 epicis
1763 2435 1985 2475 carminibus
2002 2436 2123 2476 locum
2145 2447 2234 2480 esse,
2262 2446 2355 2483 quae
2372 2437 2497 2484 opinio
2515 2437 2696 2475 sexcentis
2720 2465 2724 2469 .

248 2498 423 2545 exemplis
460 2498 616 2535 refutari
649 2499 784 2544 potest.
836 2497 921 2534 Non
954 2496 1072 2544 magis
1100 2496 1195 2533 enim
1228 2508 1331 2544 quam
1357 2497 1532 2534 Horatius
1568 2497 1627 2543 (cf.
1654 2499 1801 2545 praeter
1825 2508 1855 2534 c.
1881 2496 1952 2533 111.
1979 2497 2012 2539 3,
2048 2507 2078 2533 c.
2104 2497 2177 2533 111.
2204 2497 2237 2540 5,
2272 2507 2302 2533 c.
2328 2497 2399 2533 ΙΙΙ.
2426 2498 2484 2538 27,
2517 2508 2546 2534 c.
2571 2498 2634 2533 lv.
2660 2500 2695 2540 4,

247 2569 276 2594 c.
302 2558 333 2595 Ι.
361 2559 394 2601 7,
430 2570 459 2594 c.
485 2556 514 2594 1.
544 2559 599 2593 15.
636 2569 692 2603 ep.
722 2558 792 2603 13.)
825 2557 890 2593 alii
921 2559 1053 2602 poetae
1086 2557 1191 2603 lyrici
1223 2557 1549 2595 reformidaverunt
1582 2558 1741 2603 aliquem
1767 2557 1949 2594 dicentem
1973 2556 2157 2593 inducere.
2208 2556 2369 2594 Obbario
2396 2558 2459 2603 qui
2484 2558 2700 2602 assentitur,

248 2618 282 2654 ei
308 2618 485 2655 Horatius
511 2618 620 2654 homo
647 2618 738 2654 levis
765 2619 804 2655 et
828 2617 1042 2654 inconstans
1059 2616 1226 2653 videatur
1249 2629 1393 2655 necesse
1419 2620 1484 2655 est.
1527 2618 1674 2654 Etenim
1692 2627 1912 2664 quamquam
1936 2617 1975 2653 in
2001 2627 2030 2653 c.
2056 2615 2125 2653 111.
2152 2616 2174 2653 3
2199 2618 2331 2663 poetae
2356 2616 2602 2654 confitendum
2628 2619 2695 2661 est,

246 2680 290 2712 ut
320 2680 446 2713 censet
471 2677 528 2723 O.,
561 2688 599 2713 se
632 2688 707 2713 rem
740 2677 844 2723 lyrae
870 2687 957 2712 suae
990 2687 1062 2711 non
1088 2677 1357 2713 convenientem
1388 2680 1578 2720 tractasse,
1612 2679 1736 2713 tamen
1761 2677 1800 2712 in
1825 2676 1953 2712 eodem
1988 2676 2187 2712 carminum
2223 2686 2356 2722 genere
2387 2677 2526 2713 versari
2559 2688 2695 2723 nequa-

248 2746 356 2783 quam
382 2736 534 2773 omittit.
562 2736 606 2773 cf.
634 2747 728 2783 quae
755 2735 796 2773 Ο.
824 2735 871 2772 de
896 2735 965 2771 ΙΙΙ.
992 2736 1026 2771 5.
1052 2734 1235 2771 disseruit.

465 2796 679 2833 Schuetzius
706 2807 804 2840 vero,
831 2806 940 2842 quem
966 2794 1055 2840 quid
1078 2795 1245 2838 moverit,
1271 2799 1311 2831 ut
1335 2796 1442 2832 huius
1467 2796 1640 2832 carminis
1666 2796 1803 2832 exitum
1830 2795 2013 2832 conferret
2037 2805 2118 2832 cum
2144 2794 2317 2831 clausulis
2344 2805 2374 2831 c.
2392 2794 2463 2831 111.
2490 2795 2548 2837 27,
2574 2806 2604 2832 c.
2631 2795 2694 2832 IV.

246 2857 283 2901 4,
316 2868 346 2893 c.
372 2856 444 2893 ΠΙ.
470 2857 506 2900 5,
541 2856 691 2893 difficile
726 2858 784 2893 est
813 2855 1020 2897 intellectu,
1056 2854 1101 2891 de
1132 2854 1261 2892 ultima
1285 2856 1437 2903 stropha
1461 2856 1514 2894 sic
1540 2855 1694 2894 statum
1732 2855 1825 2898 „Die
1858 2855 1971 2892 letzte
1998 2854 2157 2902 Strophe
2182 2854 2281 2892 kann
2305 2854 2440 2892 fehlen.
2487 2882 2591 2892 .....
2600 2854 2696 2892 Dass

246 2915 336 2953 Hor.
362 2915 470 2960 mhlt,
507 2916 592 2954 dass
618 2916 685 2954 das
711 2915 938 2964 gebrauchte
962 2914 1102 2951 Pathos
1136 2915 1255 2951 weder
1278 2916 1363 2959 ihm,
1398 2917 1492 2953 noch
1518 2916 1638 2952 dieser
1661 2915 1932 2962 Dichtuugsart
1957 2915 2120 2956 sustene,
2155 2914 2294 2951 kemite
2319 2915 2458 2951 seiuem
2483 2917 2599 2961 guten
2624 2915 2701 2951 Ge*

246 2977 439 3014 schmacke
472 2988 541 3013 nur
573 2977 670 3014 Ehre
704 2977 892 3012 machen.“
946 2974 1052 3020 Quod
1085 2975 1223 3022 grande
1256 2976 1399 3013 dicendi
1431 2989 1546 3024 genus
1580 2977 1687 3023 quale
1718 2977 1778 3018 sit,
1815 2976 1948 3021 quibus
1980 2975 2101 3012 verbis
2132 2976 2192 3013 vel
2225 2975 2420 3013 sententiis
2453 2976 2522 3012 hoc
2548 2986 2695 3013 carmen

245 3036 544 3084 magnificentius
572 3037 744 3074 videatur
770 3048 878 3082 quam
913 3036 999 3079 alia,
1030 3035 1087 3072 vir
1112 3036 1241 3073 doctus
1271 3037 1517 3075 demonstrare
1543 3036 1768 3084 supersedit,
1800 3047 1918 3083 neque
1943 3048 2031 3073 vero
2056 3036 2091 3073 ei
2116 3027 2319 3083 continget,
2346 3038 2389 3072 ut
2413 3035 2533 3072 inesse
2559 3035 2599 3072 in
2622 3034 2692 3072 hoc

247 3097 409 3135 carmine
439 3097 606 3144 proprios
642 3096 821 3144 quosdam
851 3096 995 3133 sonitus
1029 3106 1071 3132 ac
1103 3094 1257 3132 fulmina
1287 3096 1457 3134 dictionis
1481 3096 1631 3144 probet.
1682 3096 1734 3133 At
1767 3095 1799 3131 si
1824 3094 2066 3132 concedamus
2091 3095 2285 3132 Schuetzio
2310 3105 2416 3132 usum
2443 3105 2523 3131 esse
2547 3096 2697 3141 poetam

246 3155 490 3204 amplioribus
514 3156 635 3194 verbis
660 3168 703 3194 ac
728 3156 943 3199 sententiis,
971 3165 1080 3202 quam
1106 3154 1238 3201 quibus
1263 3156 1351 3193 alibi
1376 3157 1507 3193 solitus
1538 3158 1608 3193 sit:
1643 3167 1752 3203 quam
1783 3156 1831 3192 ad
1861 3166 1938 3192 rem
1969 3157 2008 3192 in
2033 3156 2134 3193 exitu
2167 3152 2337 3194 carminis
2363 3155 2550 3197 confessus
2575 3156 2634 3191 est
2657 3165 2704 3190 se

244 3217 444 3265 proiecisse
478 3218 659 3264 ampullas
686 3219 724 3254 et
748 3215 1023 3263 sesquipedalia
1047 3214 1185 3253 verba?
1209 3215 1322 3254 Estne
1337 3217 1428 3255 haec
1453 3218 1618 3255 clausula
1641 3217 1701 3254 vel
1725 3216 1948 3254 insulsitatis
1973 3209 2154 3254 confessio
2177 3215 2239 3254 vel
2263 3215 2398 3253 erroris
2423 3214 2610 3252 excusatio
2635 3213 2695 3251 vel

243 3279 507 3325 praeposterae
531 3277 870 3326 magniloquentiae
894 3276 1046 3313 irrisio?
1084 3275 1205 3313 Velim
1230 3277 1373 3323 placeat
1398 3278 1591 3316 Schuetzio
1615 3277 1703 3315 huic
1728 3276 1935 3315 curiositati
1962 3276 2174 3315 satisfacere
2199 3279 2238 3315 et
2262 3276 2358 3314 hanc
2382 3275 2564 3312 rationem
2588 3274 2699 3323 lyrici

238 3337 418 3377 carminis
443 3337 483 3374 id
509 3348 624 3385 genus
650 3336 846 3375 claudendi
871 3336 1036 3383 exemplo
1061 3336 1255 3373 undeunde
1279 3339 1454 3375 extricato
1478 3339 1678 3375 illustrare.

2762 3650 2765 3654 ,
2825 3630 2872 3654 air
2898 3636 2918 3663 '.‡

2808 3707 2847 3717 ⁴·›—
2867 3709 2917 3717 ...u
