2920 3717
153 306 174 322 ²
196 308 415 375 defendit
428 319 662 388 praecipere
690 313 914 366 Horatium
941 314 1095 369 populo
1124 313 1326 364 Romano,
1364 313 1413 355 ut
1443 324 1537 355 vera
1568 325 1617 356 ac
1655 312 1810 355 sincera
1839 314 2033 370 religione
2063 313 2266 364 imbutae,
2300 311 2503 367 quidquid
2533 313 2647 367 agat,

197 387 235 434 a
263 390 349 435 diis
372 402 494 435 omne
520 387 772 445 principium
801 385 1002 440 capessat.
1035 384 1090 427 ad
1118 383 1215 426 deos
1236 382 1385 426 referat
1422 383 1588 427 exitum
1613 409 1672 415 -
1692 377 1753 427 Ut
1782 397 1899 427 suam
1929 385 2158 440 opinionem
2187 395 2331 428 veram
2361 395 2451 426 esse
2481 382 2649 425 demon-

202 453 421 517 stra-rent,
422 459 517 504 alii
535 457 619 508 alia
647 455 895 512 attulerunt.
957 453 1105 498 Veluti
1134 452 1394 509 Rudolphins
1424 454 1467 497 et
1496 454 1874 508 Bauchensteinius,
1906 457 1977 512 qui
2007 458 2055 501 ut
2084 456 2168 500 fere
2198 467 2354 507 omnes,
2388 465 2493 510 quos
2524 452 2645 496 modo

203 531 428 583 nominavi,
459 530 561 574 haec
591 540 660 571 sex
691 525 886 570 carmina>
902 525 963 569 ita
992 525 1101 569 inter
1129 537 1219 568 sese
1246 524 1462 569 coniuncta
1492 525 1739 577 existimant,
1771 527 1820 569 ut
1850 527 2011 583 singula
2040 528 2159 583 quasi
2189 527 2377 570 membra
2408 525 2494 569 sint
2526 524 2648 567 unius

199 589 413 653 carminis,
445 600 601 643 multos
631 599 743 640 locos
764 610 786 640 e
807 596 1010 640 Ciceronis
1042 596 1093 639 de
1112 596 1370 651 philosophia
1389 597 1504 639 libris
1526 598 1787 652 depromptos
1809 601 2045 653 congerunt,
2076 593 2224 654 quibus
2248 598 2350 654 quid
2380 598 2438 640 sit
2468 596 2645 647 iustitia,

199 671 415 723 definitur.
468 668 630 720 Omnia,
663 680 768 724 quae
789 666 941 720 Cicero,
974 681 1120 723 nempe
1141 666 1374 712 Stoicorum
1394 668 1594 723 quaedam
1615 668 1769 724 placita
1789 669 1842 712 ad
1864 670 1983 713 verba
2013 671 2253 726 exprimens,
2284 670 2328 713 in
2349 670 2459 713 iusto
2481 667 2647 712 homine

203 742 390 788 voluerit
418 741 564 794 inesse,
596 740 639 783 in
669 740 897 784 Romulum
928 739 1084 793 cadere,
1119 739 1323 784 contraria
1351 739 1393 782 in
1414 740 1620 784 Troianos.
1674 740 1765 783 Hac
1785 740 1972 796 simplici,
2006 744 2054 785 ut
2074 742 2276 797 opinatur,
2309 741 2424 785 tertii
2448 739 2645 784 carminis

213 812 552 870 interpretatione
573 812 728 868 optime
746 813 871 868 putat
889 811 1190 867 Rudolphius1)
1223 811 1411 868 cognosci
1430 825 1560 867 posse,
1593 812 1695 868 quid
1724 812 1921 856 Horatius
1942 816 2104 857 secutus
2126 814 2181 857 sit
2202 814 2267 856 his
2289 826 2356 856 sex
2377 813 2642 863 carminibus,

198 898 290 941 quo
308 878 488 930 vvincula
515 884 814 929 contineantur.
876 883 1296 929 Rauchensteinianae
1337 897 1431 927 vero
1470 884 1824 928 commentationis
1855 885 1952 928 haec
1982 888 2045 930 est
2075 898 2258 929 summa:
2324 885 2481 937 „Nicht
2512 897 2642 940 gegen

134 1004 137 1006 a
209 956 634 1012 wiederherstellung
649 956 852 999 verlebter
867 955 1084 1007 Zustande‚
1107 954 1280 998 sondem
1301 967 1432 1011 gegcn
1451 956 1600 1009 solche,
1624 955 1688 999 die
1711 955 1869 999 damals
1888 957 1929 999 in
1945 958 2049 1001 Rom
2070 958 2149 1001 seit
2170 957 2329 1014 einigen
2346 956 2644 1001 Generationen

216 1027 276 1070 im
307 1026 542 1070 Zunehmen
573 1027 772 1082 begriffen
803 1039 949 1079 waren,
982 1026 1101 1070 eifert
1130 1026 1196 1069 die
1224 1025 1333 1076 Ode;
1367 1026 1440 1069 das
1470 1027 1524 1070 ist
1555 1027 1626 1070 der
1655 1027 1971 1071 Wiederaufbau
2002 1041 2078 1071 von
2098 1029 2240 1084 Trojas
2271 1028 2443 1071 Mauern
2475 1028 2517 1069 in
2538 1027 2645 1069 Rom

212 1099 398 1154 selbst,²)
431 1099 543 1142 diese
573 1099 657 1141 will
688 1099 754 1142 die
785 1098 933 1142 Gottin
964 1098 1080 1141 nicht
1109 1098 1335 1141 zulassen.“
1398 1098 1489 1141 Hac
1518 1112 1612 1142 vero
1643 1099 1787 1142 Troiae
1819 1099 1860 1141 in
1891 1100 1975 1153 ipsa
2005 1101 2135 1143 Roma
2166 1099 2430 1142 restitutione
2462 1099 2644 1141 iustitiae

200 1169 518 1226 despicientiam
539 1170 737 1214 declarari
758 1169 993 1214 firmissime
1015 1168 1232 1214 contendit.

424 1243 485 1285 At
505 1243 736 1298 quicunque
758 1242 992 1285 existimant
1011 1242 1209 1285 Iunonem
1224 1241 1390 1284 Troiam
1419 1243 1581 1285 restitui
1605 1244 1808 1286 vetantem
1840 1243 1883 1285 id
1913 1245 2059 1299 populo
2090 1245 2274 1287 Romano
2306 1243 2562 1293 interdicere,
2595 1254 2645 1283 ne

210 1314 260 1356 iis
292 1314 404 1356 vitiis
436 1327 479 1356 se
511 1314 774 1365 contaminet,
808 1314 958 1369 quibus
979 1313 1174 1368 perierint
1194 1313 1370 1364 Troiani,
1403 1315 1534 1356 nescio
1566 1327 1645 1369 quo
1675 1316 1794 1368 pacto
1812 1315 1869 1356 'id
1900 1316 1976 1357 sibi
2007 1318 2283 1370 sumpserunt,
2315 1315 2425 1370 quod
2455 1327 2535 1356 non
2556 1315 2645 1355 tam

209 1387 400 1440 poterant
422 1399 545 1441 quam
568 1386 743 1429 avebant
765 1385 962 1428 curiosius
984 1385 1129 1428 elicere
1151 1397 1198 1427 ex
1219 1384 1409 1427 carmine.
1462 1385 1606 1428 Nonne
1626 1399 1766 1428 versus
1790 1388 1976 1430 65—68
1999 1401 2069 1442 pro
2092 1388 2334 1443 argumento
2354 1386 2452 1441 poni
2474 1386 2646 1440 possunt

210 1456 370 1513 proprie
391 1457 525 1501 dicere
545 1456 796 1501 Horatium?
828 1457 895 1501 An
916 1456 1012 1501 licet
1032 1457 1213 1501 statuere
1233 1456 1285 1500 ab
1301 1456 1473 1501 Horatio
1493 1457 1647 1501 moneri
1670 1457 1788 1510 cives,
1811 1471 1860 1501 ne
1882 1458 2139 1502 seminarium
2160 1458 2346 1502 omnium
2367 1457 2569 1501 scelerum
2588 1482 2645 1510 .—

211 1529 313 1573 haec
343 1530 451 1573 enim
474 1529 534 1572 vis
555 1529 646 1572 voci
667 1529 812 1572 Troiae
843 1542 867 1572 a
888 1529 1094 1585 plerisque
1122 1528 1325 1571 subicitur
1357 1553 1413 1559 -—
1444 1530 1608 1573 auctore
1637 1529 1801 1573 Phoebo
1832 1530 2061 1583 restituant,
2094 1531 2162 1586 qui
2190 1532 2343 1586 quanto
2375 1530 2526 1573 honore
2548 1541 2646 1572 cum

206 1601 402 1644 omnibus
424 1601 679 1656 temporibus
700 1601 824 1644 fuerit
862 1601 972 1656 apud
1013 1601 1218 1644 Romanos
1260 1601 1352 1643 tum
1382 1600 1563 1657 Augusti
1604 1603 1739 1644 aetate
1781 1602 1890 1644 haud
1920 1603 2150 1658 ignoramus
2159 1605 2215 1657 ?³)
2278 1603 2424 1645 Nonne
2455 1614 2574 1656 porro
2607 1614 2643 1643 a.

213 1677 236 1716 7
243 1676 313 1726 27,
344 1687 424 1729 quo
454 1687 559 1716 anno
589 1674 725 1716 omnia
742 1686 821 1732 sex
853 1673 1033 1716 carmina
1061 1673 1240 1716 confecta
1260 1685 1347 1715 esse
1370 1674 1577 1716 contendit
1607 1674 1876 1728 interpretum
1910 1675 2051 1717 chorus
2082 1675 2225 1723 omnis,
2258 1675 2329 1729 qui
2360 1675 2450 1716 arto
2481 1673 2645 1716 vinculo

212 1746 320 1789 inter
335 1759 423 1789 sese
438 1746 580 1789 iuncta
596 1759 682 1789 esse
699 1746 825 1789 habet
841 1758 1093 1800 persuasum,
1116 1745 1292 1788 Romani
1307 1745 1440 1801 magis
1463 1748 1503 1788 et
1519 1746 1732 1800 depravati
1753 1748 1795 1789 et
1818 1747 1994 1801 corrupti
2012 1748 2126 1789 erant
2141 1759 2265 1801 quam
2282 1746 2447 1789 Troiani
2463 1758 2644 1800 unquam

211 1818 403 1861 fuerant?
436 1818 502 1860 An
533 1818 650 1861 Paris
682 1820 806 1872 atque
836 1818 994 1860 Helena
1024 1817 1120 1872 plus
1150 1816 1299 1872 fiagitii
1330 1816 1581 1860 admiserunt
1611 1830 1736 1872 quam
1768 1820 1857 1861 tum
1879 1818 2060 1868 Romani,
2094 1819 2308 1872 quiquam
2341 1831 2420 1861 non
2443 1818 2646 1860 coluerint

205 1889 449 1934 »castitatem
491 1889 788 1945 pudoremque,
832 1902 956 1945 quam
987 1889 1222 1945 petulanter
1253 1888 1388 1932 omnia
1419 1888 1656 1945 migrarint,
1689 1902 1792 1944 quae
1823 1891 1961 1933 sancta
1993 1892 2110 1933 antea
2141 1890 2409 1942 habebantur,
2453 1902 2500 1933 ex
2532 1889 2646 1932 nullo

432 2131 456 2170 ¹)
483 2127 714 2177 Rudolphius
746 2129 796 2172 (p.
839 2127 860 2163 5
888 2129 983 2172 sqq.)
1016 2137 1233 2172 quamquam
1266 2127 1336 2162 hoc
1366 2127 1520 2162 carmine
1551 2129 1659 2171 putat
1683 2138 1705 2161 a
1730 2129 1837 2172 poeta
1862 2127 1909 2162 ad
1942 2127 2117 2162 iustitiam
2151 2127 2339 2162 colendam
2371 2128 2467 2163 cives
2493 2128 2646 2173 impelli,

212 2190 335 2224 tamen
369 2187 502 2224 acriter
527 2188 641 2234 negat
665 2185 775 2230 illud,
811 2186 908 2232 quod
933 2186 978 2223 de
1003 2185 1232 2223 restituenda
1261 2185 1371 2223 Troia
1396 2185 1487 2222 dixit
1515 2188 1640 2231 poeta,
1676 2197 1740 2232 per
1773 2186 2046 2222 translationem
2079 2186 2394 2233 interpretandum
2427 2198 2517 2230 esse,
2554 2198 2646 2234 quae

211 2247 336 2295 opinio
371 2246 551 2294 quomodo
585 2247 743 2284 carmine
775 2247 856 2293 ipso
881 2246 1071 2290 fulciatur,
1106 2246 1200 2283 nihil
1226 2245 1364 2282 scribit.
1416 2245 1547 2283 Censet
1571 2248 1693 2282 autem
1725 2247 1782 2289 R.,
1809 2247 1871 2293 qui
1894 2249 2042 2293 propter
2066 2247 2158 2283 hanc
2184 2247 2366 2294 opinionis
2393 2247 2646 2284 diversitatem

214 2309 320 2353 quasi
353 2308 439 2343 alba
473 2309 550 2342 avis
582 2308 737 2349 videtur,
774 2310 1000 2352 quantopere
1034 2308 1127 2342 Iuno
1154 2307 1300 2342 iniustis
1326 2307 1490 2342 Troianis
1515 2308 1703 2348 irascatur,
1731 2308 1865 2351 optime
1891 2307 1975 2342 inde
2001 2308 2108 2346 cerni,
2135 2308 2232 2351 quod
2259 2308 2371 2343 etiam
2397 2311 2509 2352 atque
2535 2309 2647 2343 etiam

217 2367 429 2411 interdicat,
456 2379 502 2404 ne
529 2367 639 2405 Troia
663 2366 893 2412 restituatur,
918 2366 1185 2414 restitutaeque
1210 2366 1334 2414 ignem
1360 2366 1562 2413 ferrumque
1587 2366 1787 2403 minitetur.
1828 2366 1929 2403 Velle
1953 2378 2036 2403 vero
2063 2365 2166 2403 deam
2185 2366 2360 2404 Troianos
2386 2379 2407 2404 a
2432 2378 2471 2404 se
2497 2370 2646 2404 vexatos

213 2428 433 2463 documento
469 2438 548 2462 esse
573 2427 756 2468 Romanis,
792 2426 924 2472 quibus
950 2427 982 2461 si
1007 2427 1210 2461 iniustitiae
1236 2426 1337 2461 vitiis
1369 2437 1407 2461 se
1440 2426 1744 2467 commacularint,
1779 2427 1855 2460 fore
1881 2429 1923 2461 ut
1955 2426 2047 2460 idern
2075 2426 2225 2463 accidat.
2266 2426 2363 2471 quod
2397 2427 2555 2471 proavis,
2589 2427 2646 2462 sin

214 2488 395 2523 iustitiam
422 2488 558 2528 colant,
593 2488 785 2532 imperium
811 2488 888 2522 sine
922 2487 994 2522 fine
1028 2487 1207 2531 promitti.
1257 2487 1358 2523 Haec
1388 2487 1654 2530 interpretatio,
1691 2487 1853 2531 quamvis
1885 2487 2001 2521 minus
2035 2489 2200 2522 tortuosa
2232 2487 2282 2521 sit
2308 2497 2417 2530 quam
2441 2487 2647 2531 permultae

215 2547 321 2591 aliae,
353 2549 477 2583 tamen
511 2558 584 2582 non
618 2550 719 2583 caret
751 2546 878 2593 spinis.
929 2546 985 2582 An
1020 2545 1169 2583 concedi
1201 2545 1311 2582 debet
1344 2546 1530 2582 Horatium
1563 2545 1655 2581 utile
1687 2545 1917 2591 proposuisse
1944 2544 2078 2581 civibus
2105 2545 2288 2591 exemplar
2312 2545 2518 2588 Romulum,
2556 2546 2647 2592 quid

215 2606 361 2643 iustitia
386 2608 521 2653 posset,
550 2617 593 2642 ea
609 2606 792 2649 videlicet,
820 2616 928 2653 quam
947 2606 1063 2643 Stoici
1088 2605 1414 2652 amplexabantur?
1440 2605 1542 2642 Unde
1558 2615 1644 2641 vero
1669 2605 1762 2640 illud
1788 2607 1891 2650 patet
1917 2605 2055 2650 populo
2073 2605 2233 2640 Romano
2260 2605 2424 2641 iustitiae
2450 2608 2648 2652 praecepta

215 2667 414 2714 diligenter
446 2666 656 2703 observanti
689 2666 787 2702 orbis
818 2666 1011 2712 imperium
1042 2666 1218 2702 Iunonem
1242 2665 1446 2702 liberaliter
1470 2665 1644 2711 polliceri,
1678 2668 1804 2702 contra
1829 2665 1990 2701 iustitiae
2021 2665 2120 2710 leges
2153 2665 2306 2700 violanti
2342 2669 2485 2710 pestem
2519 2667 2648 2702 interi·

213 2732 365 2775 tumque
400 2726 644 2763 denuntiare?
693 2726 849 2763 Maxime
882 2738 979 2768 vero,
1018 2728 1061 2762 ut
1085 2726 1159 2762 alia
1183 2726 1401 2773 relinquam,
1437 2724 1597 2761 offendor
1629 2725 1685 2768 iis,
1726 2736 1814 2771 quae
1846 2724 1890 2760 de
1923 2725 2053 2760 ultima
2083 2725 2235 2770 stropha
2269 2725 2427 2771 scripsit.
2481 2725 2646 2767 „Omitto

212 2787 382 2824 nltimam
416 2786 588 2823 carminis
624 2786 823 2832 stropham,
863 2797 935 2832 qua
966 2786 1108 2822 Musam
1141 2797 1243 2822 suam
1276 2788 1386 2832 poeta
1418 2787 1562 2821 revocat
1587 2787 1748 2831 oratque,
1787 2795 1830 2819 ne
1863 2784 2009 2820 deorum
2045 2795 2225 2820 sermones
2252 2784 2453 2832 divulget.“
2505 2786 2646 2829 Elevat,

210 2849 359 2894 opinor,
395 2848 438 2884 R.
475 2847 544 2883 hac
574 2857 705 2883 manca
739 2846 912 2892 strophae
945 2846 1262 2884 circumlocutione
1293 2847 1415 2892 potius
1449 2845 1652 2891 opinionem
1685 2855 1785 2880 suam
1819 2855 1925 2890 quam
1959 2844 2157 2880 confirmat.
2207 2844 2251 2880 Id
2287 2845 2383 2881 enim
2417 2846 2450 2881 si
2475 2847 2647 2883 tractavit

210 2910 334 2954 poeta,
373 2906 470 2954 quod
501 2906 566 2944 ille
597 2907 751 2944 tractari
777 2908 918 2948 censet,
954 2905 1043 2953 quid
1075 2906 1224 2943 tandem
1247 2905 1334 2949 fuit,
1370 2905 1465 2952 quod
1489 2905 1628 2941 Musam
1653 2904 1874 2951 pervicacem
1900 2903 2102 2950 appellaret
2127 2915 2277 2950 eamque
2303 2904 2403 2942 intra
2427 2905 2518 2943 fines
2543 2918 2648 2954 prae-

213 2969 372 3015 scriptos
400 2967 586 3005 continere
611 2977 690 3004 sese
715 2966 889 3004 iuberet?

431 3042 461 3085 ²)
486 3039 636 3076 Arridet
660 3040 749 3076 haec
775 3040 906 3076 Troiae
941 3040 1200 3085 interpretatio
1234 3040 1343 3075 etiam
1369 3037 1659 3082 Dillenburgero.
1686 3036 1730 3073 cf.
1757 3037 1866 3072 etiam
1890 3036 1964 3078 illa,
2001 3047 2093 3081 quae
2125 3037 2298 3073 disseruit
2323 3037 2368 3073 de
2393 3039 2462 3074 hoc
2488 3040 2648 3076 carmine

212 3100 256 3137 >iii
281 3100 432 3146 Quaest.
457 3100 545 3137 Hor.
575 3100 667 3137 1838
692 3110 728 3145 p.
755 3099 812 3142 22.
837 3099 989 3146 Imperii
1014 3099 1294 3136 translationem
1319 3109 1460 3145 qnoque
1484 3097 1538 3133 vii·
1562 3096 1616 3133 ill,
1643 3096 1747 3143 tangi
1772 3096 1966 3132 existimat.
1998 3096 2136 3134 Eadem
2159 3096 2246 3141 fere,
2273 3108 2365 3143 quae
2391 3098 2490 3144 apud
2505 3099 2649 3136 Dillen-

215 3159 415 3207 bui-gerum
440 3159 605 3197 videmus
631 3160 779 3205 scripta,
807 3159 1043 3195 inveniuntur
1067 3158 1165 3204 apud
1188 3158 1457 3195 Iakowickium,
1483 3156 1526 3193 cf.
1545 3155 1734 3193 Observat.
1760 3156 1799 3191 in
1823 3167 1885 3192 sex
1908 3156 2025 3201 prima
2049 3159 2135 3193 tert.
2161 3156 2224 3193 lib.
2250 3157 2338 3194 Hor.
2365 3159 2527 3195 carmina
2551 3160 2651 3195 inter

210 3229 254 3256 ue
284 3219 431 3263 vinculo
467 3230 613 3259 conexa.
647 3219 889 3263 Trzemeszno,
906 3229 943 3265 p.
972 3219 1027 3262 10,
1056 3219 1111 3254 11.
1162 3218 1232 3263 Qui
1264 3228 1479 3264 quamquam
1503 3215 1618 3253 libere
1635 3216 1828 3253 confitetur
1853 3216 1955 3253 nulla
1979 3227 2018 3253 re
2043 3216 2191 3262 probari
2207 3228 2314 3263 posse
2340 3217 2508 3265 Augusto
2535 3219 2649 3256 fuisse

197 3277 258 3323 ⁴iii
283 3279 405 3315 animo
430 3278 558 3324 cedere
582 3279 708 3322 Roma,
734 3280 858 3315 tamen
881 3279 922 3314 in
945 3277 1081 3315 Faberi
1104 3277 1216 3314 verba
1239 3278 1347 3314 iurat.
1396 3277 1448 3313 Ex
1472 3277 1662 3312 Petrenzio
1689 3286 1830 3322 quoque
1855 3275 1936 3312 Iak.
1963 3275 2102 3322 aliquid
2127 3276 2274 3322 pendet.

429 3351 458 3397 ³)
484 3350 643 3387 Preller:
668 3350 770 3386 Rom.
797 3333 915 3397 Myth.
941 3360 978 3395 p.
1007 3349 1078 3386 273
1103 3360 1202 3396 sqq.;
1218 3349 1272 3386 cf.
1298 3351 1488 3396 praeterea
1511 3346 1683 3385 Ribbeck.
1708 3347 1732 3383 1.
1750 3347 1775 3383 l.

55 3626 60 3630 .
93 3621 101 3637 ᾗ
112 3621 121 3634 ,ι
201 3627 204 3630 .
300 3614 302 3616 ’

0 3648 6 3659 ι
25 3647 50 3663 .,“
70 3641 109 3665 A
161 3641 164 3642 ⁷
191 3639 208 3666 ,ν’
229 3665 239 3669 >⁷
294 3641 299 3650 ’“
323 3641 335 3647 ”

0 3649 102 3702 &⁶51ssss
119 3687 123 3693 =
196 3684 197 3687 ¹
308 3690 319 3697 ,ἥ
359 3682 362 3684 “

22 3681 81 3717 ἐπ”ὲ
99 3694 210 3717 2⁷·:su‘f
230 3692 253 3711 -ὲ
275 3702 285 3717 .“-
308 3685 339 3717 a}
