<?xml version="1.0" encoding="UTF-8"?>
<!DOCTYPE html PUBLIC "-//W3C//DTD XHTML 1.0 Transitional//EN"
    "http://www.w3.org/TR/xhtml1/DTD/xhtml1-transitional.dtd">
<html xmlns="http://www.w3.org/1999/xhtml" xml:lang="en" lang="en">
 <head>
  <title>
</title>
<meta http-equiv="Content-Type" content="text/html;charset=utf-8" />
  <meta name='ocr-system' content='tesseract 3.04.00' />
  <meta name='ocr-capabilities' content='ocr_page ocr_carea ocr_par ocr_line ocrx_word'/>
</head>
<body>
  <div class='ocr_page' id='page_1' title='image "4775043_0048.png"; bbox 0 0 2920 3717; ppageno 0'>
   <div class='ocr_carea' id='block_1_1' title="bbox 0 309 448 564">
    <p class='ocr_par' dir='ltr' id='par_1_1' title="bbox 0 309 448 564">
     <span class='ocr_line' id='line_1_1' title="bbox 0 309 448 564; baseline 0 -164"><span class='ocrx_word' id='word_1_1' title='bbox 0 309 448 564; x_wconf 95' lang='lat' dir='ltr'>   </span> 
     </span>
    </p>
   </div>
   <div class='ocr_carea' id='block_1_2' title="bbox 1397 219 1453 262">
    <p class='ocr_par' dir='ltr' id='par_1_2' title="bbox 1397 219 1453 262">
     <span class='ocr_line' id='line_1_2' title="bbox 1397 219 1453 262; baseline 0 0"><span class='ocrx_word' id='word_1_2' title='bbox 1397 219 1453 262; x_wconf 79' lang='lat'>29</span> 
     </span>
    </p>
   </div>
   <div class='ocr_carea' id='block_1_3' title="bbox 169 319 2641 568">
    <p class='ocr_par' dir='ltr' id='par_1_3' title="bbox 169 319 2641 568">
     <span class='ocr_line' id='line_1_3' title="bbox 169 319 2641 425; baseline 0.002 -17"><span class='ocrx_word' id='word_1_3' title='bbox 169 405 176 408; x_wconf 87' lang='lat'><strong>.</strong></span> <span class='ocrx_word' id='word_1_4' title='bbox 388 346 659 414; x_wconf 76' lang='lat' dir='ltr'>Quoniam</span> <span class='ocrx_word' id='word_1_5' title='bbox 689 355 744 420; x_wconf 77' lang='lat' dir='ltr'>a&#39;d</span> <span class='ocrx_word' id='word_1_6' title='bbox 772 367 882 409; x_wconf 80' lang='lat' dir='ltr'>hunc</span> <span class='ocrx_word' id='word_1_7' title='bbox 901 363 1040 408; x_wconf 89' lang='lat' dir='ltr'>locum</span> <span class='ocrx_word' id='word_1_8' title='bbox 1053 319 1307 425; x_wconf 82' lang='lat' dir='ltr'>perventum</span> <span class='ocrx_word' id='word_1_9' title='bbox 1338 368 1421 417; x_wconf 86' lang='lat' dir='ltr'>est,</span> <span class='ocrx_word' id='word_1_10' title='bbox 1453 371 1531 410; x_wconf 90' lang='lat' dir='ltr'>non</span> <span class='ocrx_word' id='word_1_11' title='bbox 1561 367 1740 410; x_wconf 84' lang='lat' dir='ltr'>alienum</span> <span class='ocrx_word' id='word_1_12' title='bbox 1772 367 1931 411; x_wconf 82' lang='lat' dir='ltr'>videtur</span> <span class='ocrx_word' id='word_1_13' title='bbox 1950 369 2109 413; x_wconf 85' lang='lat' dir='ltr'>Struvii</span> <span class='ocrx_word' id='word_1_14' title='bbox 2139 370 2190 413; x_wconf 90' lang='lat' dir='ltr'>de</span> <span class='ocrx_word' id='word_1_15' title='bbox 2220 368 2298 412; x_wconf 89' lang='grc' dir='ltr'>ΠΙ.</span> <span class='ocrx_word' id='word_1_16' title='bbox 2332 368 2360 412; x_wconf 87' lang='lat'><strong>3</strong></span> <span class='ocrx_word' id='word_1_17' title='bbox 2392 369 2641 413; x_wconf 86' lang='lat' dir='ltr'>sententiam</span> 
     </span>
     <span class='ocr_line' id='line_1_4' title="bbox 196 423 2640 496; baseline 0.001 -16"><span class='ocrx_word' id='word_1_18' title='bbox 196 430 346 495; x_wconf 78' lang='lat' dir='ltr'>paucis</span> <span class='ocrx_word' id='word_1_19' title='bbox 366 433 628 482; x_wconf 80' lang='lat' dir='ltr'>illustrare.</span> <span class='ocrx_word' id='word_1_20' title='bbox 666 436 732 480; x_wconf 90' lang='lat' dir='ltr'>Is</span> <span class='ocrx_word' id='word_1_21' title='bbox 739 436 795 479; x_wconf 84' lang='lat' dir='ltr'>in</span> <span class='ocrx_word' id='word_1_22' title='bbox 804 423 925 479; x_wconf 84' lang='lat' dir='ltr'>exitu</span> <span class='ocrx_word' id='word_1_23' title='bbox 956 432 1311 479; x_wconf 78' lang='lat' dir='ltr'>commentationis</span> <span class='ocrx_word' id='word_1_24' title='bbox 1342 448 1440 494; x_wconf 86' lang='lat' dir='ltr'>suae</span> <span class='ocrx_word' id='word_1_25' title='bbox 1469 437 1568 481; x_wconf 84' lang='lat' dir='ltr'>haec</span> <span class='ocrx_word' id='word_1_26' title='bbox 1599 436 1762 481; x_wconf 76' lang='lat' dir='ltr'><strong>scribit:</strong></span> <span class='ocrx_word' id='word_1_27' title='bbox 1773 441 1799 487; x_wconf 92' lang='lat'>¹)</span> <span class='ocrx_word' id='word_1_28' title='bbox 1856 439 2015 490; x_wconf 86' lang='lat' dir='ltr'>„Horaz</span> <span class='ocrx_word' id='word_1_29' title='bbox 2046 440 2170 485; x_wconf 80' lang='lat' dir='ltr'><strong>sucht</strong></span> <span class='ocrx_word' id='word_1_30' title='bbox 2200 440 2278 484; x_wconf 84' lang='lat' dir='ltr'>auf</span> <span class='ocrx_word' id='word_1_31' title='bbox 2301 439 2480 496; x_wconf 86' lang='lat' dir='ltr'>lyrische</span> <span class='ocrx_word' id='word_1_32' title='bbox 2499 439 2640 483; x_wconf 86' lang='lat' dir='ltr'>Weise</span> 
     </span>
     <span class='ocr_line' id='line_1_5' title="bbox 199 496 2638 568; baseline 0 -15"><span class='ocrx_word' id='word_1_33' title='bbox 199 506 268 553; x_wconf 80' lang='lat' dir='ltr'>ein</span> <span class='ocrx_word' id='word_1_34' title='bbox 290 504 398 553; x_wconf 83' lang='lat' dir='ltr'>von</span> <span class='ocrx_word' id='word_1_35' title='bbox 407 504 548 565; x_wconf 83' lang='lat' dir='ltr'>Virgil</span> <span class='ocrx_word' id='word_1_36' title='bbox 573 509 620 552; x_wconf 82' lang='lat' dir='ltr'>s&#39;o</span> <span class='ocrx_word' id='word_1_37' title='bbox 649 502 767 552; x_wconf 81' lang='lat' dir='ltr'>nicht</span> <span class='ocrx_word' id='word_1_38' title='bbox 796 502 974 564; x_wconf 78' lang='lat' dir='ltr'>gelostes</span> <span class='ocrx_word' id='word_1_39' title='bbox 993 496 1199 557; x_wconf 77' lang='lat' dir='ltr'>Probiem</span> <span class='ocrx_word' id='word_1_40' title='bbox 1228 520 1280 551; x_wconf 88' lang='lat' dir='ltr'>zu</span> <span class='ocrx_word' id='word_1_41' title='bbox 1309 507 1434 561; x_wconf 73' lang='lat' dir='ltr'>losen,</span> <span class='ocrx_word' id='word_1_42' title='bbox 1466 509 1646 553; x_wconf 72' lang='lat' dir='ltr'>namlich</span> <span class='ocrx_word' id='word_1_43' title='bbox 1677 509 1920 565; x_wconf 87' lang='lat' dir='ltr'>anzugeben,</span> <span class='ocrx_word' id='word_1_44' title='bbox 1952 512 2016 555; x_wconf 90' lang='lat' dir='ltr'>bei</span> <span class='ocrx_word' id='word_1_45' title='bbox 2046 513 2220 557; x_wconf 81' lang='lat' dir='ltr'>welcher</span> <span class='ocrx_word' id='word_1_46' title='bbox 2251 502 2523 568; x_wconf 84' lang='lat' dir='ltr'>Gelegenheit</span> <span class='ocrx_word' id='word_1_47' title='bbox 2553 510 2638 554; x_wconf 92' lang='lat' dir='ltr'>und</span> 
     </span>
    </p>
   </div>
   <div class='ocr_carea' id='block_1_4' title="bbox 0 557 2637 646">
    <p class='ocr_par' dir='ltr' id='par_1_4' title="bbox 0 557 2637 646">
     <span class='ocr_line' id='line_1_6' title="bbox 0 557 2637 646; baseline 0.002 -24"><span class='ocrx_word' id='word_1_48' title='bbox 0 557 17 622; x_wconf 52' lang='grc' dir='ltr'>ἶ</span> <span class='ocrx_word' id='word_1_49' title='bbox 68 561 96 571; x_wconf 40' lang='lat'>&#39;⁴</span> <span class='ocrx_word' id='word_1_50' title='bbox 146 614 151 618; x_wconf 95' lang='lat'><strong>.</strong></span> <span class='ocrx_word' id='word_1_51' title='bbox 202 573 346 633; x_wconf 81' lang='lat' dir='ltr'>unter</span> <span class='ocrx_word' id='word_1_52' title='bbox 359 577 557 642; x_wconf 74' lang='lat' dir='ltr'>walchen</span> <span class='ocrx_word' id='word_1_53' title='bbox 568 564 867 636; x_wconf 83' lang='lat' dir='ltr'>Bedingungen</span> <span class='ocrx_word' id='word_1_54' title='bbox 897 576 1057 643; x_wconf 77' lang='lat' dir='ltr'>Virgils</span> <span class='ocrx_word' id='word_1_55' title='bbox 1085 577 1196 623; x_wconf 81' lang='lat' dir='ltr'>Juno</span> <span class='ocrx_word' id='word_1_56' title='bbox 1233 577 1365 624; x_wconf 86' lang='lat' dir='ltr'>ihrem</span> <span class='ocrx_word' id='word_1_57' title='bbox 1392 579 1504 623; x_wconf 84' lang='lat' dir='ltr'>Hass</span> <span class='ocrx_word' id='word_1_58' title='bbox 1543 592 1673 646; x_wconf 86' lang='lat' dir='ltr'>gegen</span> <span class='ocrx_word' id='word_1_59' title='bbox 1711 579 1776 624; x_wconf 90' lang='lat' dir='ltr'>die</span> <span class='ocrx_word' id='word_1_60' title='bbox 1805 580 1953 626; x_wconf 77' lang='lat' dir='ltr'>Romer</span> <span class='ocrx_word' id='word_1_61' title='bbox 1990 584 2051 628; x_wconf 83' lang='lat' dir='ltr'>als</span> <span class='ocrx_word' id='word_1_62' title='bbox 2081 584 2405 641; x_wconf 80' lang='lat' dir='ltr'>Abkommlinge</span> <span class='ocrx_word' id='word_1_63' title='bbox 2444 583 2516 627; x_wconf 87' lang='lat' dir='ltr'>der</span> <span class='ocrx_word' id='word_1_64' title='bbox 2546 595 2637 626; x_wconf 88' lang='lat' dir='ltr'>ver-</span> 
     </span>
    </p>
   </div>
   <div class='ocr_carea' id='block_1_5' title="bbox 163 639 2637 852">
    <p class='ocr_par' dir='ltr' id='par_1_5' title="bbox 163 639 2637 852">
     <span class='ocr_line' id='line_1_7' title="bbox 202 639 2637 709; baseline 0.003 -15"><span class='ocrx_word' id='word_1_65' title='bbox 202 646 373 698; x_wconf 85' lang='lat' dir='ltr'>hassten</span> <span class='ocrx_word' id='word_1_66' title='bbox 407 650 493 694; x_wconf 91' lang='lat' dir='ltr'>und</span> <span class='ocrx_word' id='word_1_67' title='bbox 530 663 610 695; x_wconf 85' lang='lat' dir='ltr'>von</span> <span class='ocrx_word' id='word_1_68' title='bbox 639 650 706 694; x_wconf 91' lang='lat' dir='ltr'>ihr</span> <span class='ocrx_word' id='word_1_69' title='bbox 742 639 1104 707; x_wconf 83' lang='lat' dir='ltr'>leidenschaftlich</span> <span class='ocrx_word' id='word_1_70' title='bbox 1133 649 1362 707; x_wconf 83' lang='lat' dir='ltr'>verfolgten</span> <span class='ocrx_word' id='word_1_71' title='bbox 1391 651 1585 708; x_wconf 79' lang='lat' dir='ltr'>TroJaner</span> <span class='ocrx_word' id='word_1_72' title='bbox 1614 652 1729 695; x_wconf 76' lang='lat' dir='ltr'>hatte</span> <span class='ocrx_word' id='word_1_73' title='bbox 1760 654 1952 709; x_wconf 85' lang='lat' dir='ltr'>entsagen</span> <span class='ocrx_word' id='word_1_74' title='bbox 1981 655 2150 700; x_wconf 77' lang='lat' dir='ltr'>konnen.</span> <span class='ocrx_word' id='word_1_75' title='bbox 2156 660 2182 680; x_wconf 90' lang='grc'>“</span> <span class='ocrx_word' id='word_1_76' title='bbox 2244 656 2344 700; x_wconf 83' lang='lat' dir='ltr'>Alio</span> <span class='ocrx_word' id='word_1_77' title='bbox 2375 656 2504 707; x_wconf 80' lang='lat' dir='ltr'>loco²)</span> <span class='ocrx_word' id='word_1_78' title='bbox 2535 655 2637 699; x_wconf 85' lang='lat' dir='ltr'>haec</span> 
     </span>
     <span class='ocr_line' id='line_1_8' title="bbox 163 717 2637 789; baseline 0.001 -22"><span class='ocrx_word' id='word_1_79' title='bbox 163 786 176 789; x_wconf 66' lang='lat'>-</span> <span class='ocrx_word' id='word_1_80' title='bbox 191 717 376 767; x_wconf 67' lang='lat' dir='ltr'>exstant.</span> <span class='ocrx_word' id='word_1_81' title='bbox 450 722 556 776; x_wconf 90' lang='lat' dir='ltr'>„Die</span> <span class='ocrx_word' id='word_1_82' title='bbox 596 722 683 767; x_wconf 88' lang='lat' dir='ltr'>Ode</span> <span class='ocrx_word' id='word_1_83' title='bbox 720 723 777 767; x_wconf 91' lang='lat' dir='ltr'>ist</span> <span class='ocrx_word' id='word_1_84' title='bbox 814 720 877 767; x_wconf 86' lang='lat' dir='ltr'>als</span> <span class='ocrx_word' id='word_1_85' title='bbox 914 722 995 767; x_wconf 91' lang='lat' dir='ltr'>ein</span> <span class='ocrx_word' id='word_1_86' title='bbox 1019 723 1141 766; x_wconf 87' lang='lat' dir='ltr'>nach</span> <span class='ocrx_word' id='word_1_87' title='bbox 1162 722 1322 780; x_wconf 90' lang='lat' dir='ltr'>Virgils</span> <span class='ocrx_word' id='word_1_88' title='bbox 1360 722 1471 767; x_wconf 83' lang='lat' dir='ltr'>Tode</span> <span class='ocrx_word' id='word_1_89' title='bbox 1507 723 1573 767; x_wconf 91' lang='lat' dir='ltr'>bei</span> <span class='ocrx_word' id='word_1_90' title='bbox 1614 724 1685 767; x_wconf 91' lang='lat' dir='ltr'>der</span> <span class='ocrx_word' id='word_1_91' title='bbox 1725 725 1856 768; x_wconf 89' lang='lat' dir='ltr'>ersten</span> <span class='ocrx_word' id='word_1_92' title='bbox 1900 726 2062 784; x_wconf 88' lang='lat' dir='ltr'>Lesung</span> <span class='ocrx_word' id='word_1_93' title='bbox 2102 728 2171 772; x_wconf 88' lang='lat' dir='ltr'>der</span> <span class='ocrx_word' id='word_1_94' title='bbox 2210 732 2345 772; x_wconf 90' lang='lat' dir='ltr'>ersten</span> <span class='ocrx_word' id='word_1_95' title='bbox 2392 728 2637 785; x_wconf 86' lang='lat' dir='ltr'>gefeilteren</span> 
     </span>
     <span class='ocr_line' id='line_1_9' title="bbox 201 793 2632 852; baseline 0.003 -15"><span class='ocrx_word' id='word_1_96' title='bbox 201 793 363 837; x_wconf 74' lang='lat' dir='ltr'>Bucher</span> <span class='ocrx_word' id='word_1_97' title='bbox 392 806 489 851; x_wconf 88' lang='lat' dir='ltr'>rege</span> <span class='ocrx_word' id='word_1_98' title='bbox 518 794 777 851; x_wconf 80' lang='lat' dir='ltr'>gewordener</span> <span class='ocrx_word' id='word_1_99' title='bbox 798 794 984 839; x_wconf 90' lang='lat' dir='ltr'>Versuch</span> <span class='ocrx_word' id='word_1_100' title='bbox 1015 807 1066 838; x_wconf 84' lang='lat' dir='ltr'>zu</span> <span class='ocrx_word' id='word_1_101' title='bbox 1096 794 1357 847; x_wconf 86' lang='lat' dir='ltr'>betrachten,</span> <span class='ocrx_word' id='word_1_102' title='bbox 1397 794 1475 838; x_wconf 86' lang='lat' dir='ltr'>auf</span> <span class='ocrx_word' id='word_1_103' title='bbox 1498 795 1673 851; x_wconf 86' lang='lat' dir='ltr'>lyrische</span> <span class='ocrx_word' id='word_1_104' title='bbox 1695 795 1832 839; x_wconf 91' lang='lat' dir='ltr'>Weise</span> <span class='ocrx_word' id='word_1_105' title='bbox 1861 797 1935 840; x_wconf 91' lang='lat' dir='ltr'>den</span> <span class='ocrx_word' id='word_1_106' title='bbox 1956 798 2118 843; x_wconf 89' lang='lat' dir='ltr'>Knoten</span> <span class='ocrx_word' id='word_1_107' title='bbox 2150 800 2221 843; x_wconf 91' lang='lat' dir='ltr'>der</span> <span class='ocrx_word' id='word_1_108' title='bbox 2241 800 2391 843; x_wconf 89' lang='lat' dir='ltr'>Aeneis</span> <span class='ocrx_word' id='word_1_109' title='bbox 2422 813 2473 843; x_wconf 88' lang='lat' dir='ltr'>zu</span> <span class='ocrx_word' id='word_1_110' title='bbox 2505 800 2632 852; x_wconf 78' lang='lat' dir='ltr'>losen,</span> 
     </span>
    </p>
   </div>
   <div class='ocr_carea' id='block_1_6' title="bbox 139 864 2633 932">
    <p class='ocr_par' dir='ltr' id='par_1_6' title="bbox 139 864 2633 932">
     <span class='ocr_line' id='line_1_10' title="bbox 139 864 2633 932; baseline 0.003 -23"><span class='ocrx_word' id='word_1_111' title='bbox 139 864 145 866; x_wconf 48' lang='lat'>⁷</span> <span class='ocrx_word' id='word_1_112' title='bbox 196 865 277 920; x_wconf 68' lang='lat' dir='ltr'>⁴wie</span> <span class='ocrx_word' id='word_1_113' title='bbox 303 866 415 932; x_wconf 86' lang='lat' dir='ltr'>trotz</span> <span class='ocrx_word' id='word_1_114' title='bbox 438 866 510 911; x_wconf 87' lang='lat' dir='ltr'>des</span> <span class='ocrx_word' id='word_1_115' title='bbox 540 867 694 911; x_wconf 88' lang='lat' dir='ltr'>Hasses</span> <span class='ocrx_word' id='word_1_116' title='bbox 725 867 797 911; x_wconf 90' lang='lat' dir='ltr'>der</span> <span class='ocrx_word' id='word_1_117' title='bbox 826 866 936 912; x_wconf 87' lang='lat' dir='ltr'>Juno</span> <span class='ocrx_word' id='word_1_118' title='bbox 968 866 1040 911; x_wconf 90' lang='lat' dir='ltr'>der</span> <span class='ocrx_word' id='word_1_119' title='bbox 1059 866 1271 911; x_wconf 78' lang='lat' dir='ltr'>romische</span> <span class='ocrx_word' id='word_1_120' title='bbox 1292 865 1415 911; x_wconf 83' lang='lat' dir='ltr'>Staat</span> <span class='ocrx_word' id='word_1_121' title='bbox 1445 867 1508 911; x_wconf 90' lang='lat' dir='ltr'>bis</span> <span class='ocrx_word' id='word_1_122' title='bbox 1539 880 1590 911; x_wconf 92' lang='lat' dir='ltr'>zu</span> <span class='ocrx_word' id='word_1_123' title='bbox 1612 868 1828 924; x_wconf 87' lang='lat' dir='ltr'>Augustus</span> <span class='ocrx_word' id='word_1_124' title='bbox 1858 869 1993 914; x_wconf 89' lang='lat' dir='ltr'>Zeiten</span> <span class='ocrx_word' id='word_1_125' title='bbox 2025 871 2107 915; x_wconf 91' lang='lat' dir='ltr'>und</span> <span class='ocrx_word' id='word_1_126' title='bbox 2138 873 2259 916; x_wconf 89' lang='lat' dir='ltr'>unter</span> <span class='ocrx_word' id='word_1_127' title='bbox 2289 872 2377 916; x_wconf 91' lang='lat' dir='ltr'>ihm</span> <span class='ocrx_word' id='word_1_128' title='bbox 2408 872 2473 915; x_wconf 88' lang='lat' dir='ltr'>die</span> <span class='ocrx_word' id='word_1_129' title='bbox 2496 872 2633 916; x_wconf 86' lang='lat' dir='ltr'>Welt-</span> 
     </span>
    </p>
   </div>
   <div class='ocr_carea' id='block_1_7' title="bbox 198 1079 2630 1784">
    <p class='ocr_par' dir='ltr' id='par_1_7' title="bbox 198 1079 2630 1784">
     <span class='ocr_line' id='line_1_11' title="bbox 199 1079 2630 1131; baseline 0.002 -15"><span class='ocrx_word' id='word_1_130' title='bbox 199 1081 358 1118; x_wconf 82' lang='lat' dir='ltr'>strictim</span> <span class='ocrx_word' id='word_1_131' title='bbox 375 1082 517 1118; x_wconf 85' lang='lat' dir='ltr'>monuit</span> <span class='ocrx_word' id='word_1_132' title='bbox 535 1081 704 1118; x_wconf 83' lang='lat' dir='ltr'><strong>Schenkl.</strong></span> <span class='ocrx_word' id='word_1_133' title='bbox 731 1080 776 1117; x_wconf 87' lang='lat' dir='ltr'><strong>cf.</strong></span> <span class='ocrx_word' id='word_1_134' title='bbox 794 1081 832 1116; x_wconf 91' lang='lat' dir='ltr'>Z.</span> <span class='ocrx_word' id='word_1_135' title='bbox 849 1081 874 1116; x_wconf 86' lang='lat' dir='ltr'>f.</span> <span class='ocrx_word' id='word_1_136' title='bbox 893 1083 980 1117; x_wconf 75' lang='lat' dir='ltr'>ostr.</span> <span class='ocrx_word' id='word_1_137' title='bbox 1000 1079 1130 1127; x_wconf 82' lang='lat' dir='ltr'>Gymn.</span> <span class='ocrx_word' id='word_1_138' title='bbox 1151 1081 1254 1118; x_wconf 87' lang='lat'>1860.</span> <span class='ocrx_word' id='word_1_139' title='bbox 1282 1080 1455 1122; x_wconf 79' lang='lat' dir='ltr'>„Ovidius</span> <span class='ocrx_word' id='word_1_140' title='bbox 1481 1081 1555 1116; x_wconf 92' lang='lat' dir='ltr'>uud</span> <span class='ocrx_word' id='word_1_141' title='bbox 1571 1081 1717 1117; x_wconf 85' lang='lat' dir='ltr'>Livius“</span> <span class='ocrx_word' id='word_1_142' title='bbox 1746 1092 1780 1126; x_wconf 91' lang='lat' dir='ltr'>p.</span> <span class='ocrx_word' id='word_1_143' title='bbox 1798 1082 1878 1117; x_wconf 86' lang='lat'><strong>409.</strong></span> <span class='ocrx_word' id='word_1_144' title='bbox 1928 1083 2040 1126; x_wconf 82' lang='lat' dir='ltr'>Quam</span> <span class='ocrx_word' id='word_1_145' title='bbox 2065 1083 2249 1120; x_wconf 84' lang='lat' dir='ltr'>celebrata</span> <span class='ocrx_word' id='word_1_146' title='bbox 2274 1084 2411 1120; x_wconf 83' lang='lat' dir='ltr'>fuerint</span> <span class='ocrx_word' id='word_1_147' title='bbox 2436 1085 2513 1127; x_wconf 86' lang='lat' dir='ltr'>illa,</span> <span class='ocrx_word' id='word_1_148' title='bbox 2538 1096 2630 1131; x_wconf 85' lang='lat' dir='ltr'>quae</span> 
     </span>
     <span class='ocr_line' id='line_1_12' title="bbox 200 1139 2629 1189; baseline 0.001 -11"><span class='ocrx_word' id='word_1_149' title='bbox 200 1140 338 1178; x_wconf 79' lang='lat' dir='ltr'>Ennius</span> <span class='ocrx_word' id='word_1_150' title='bbox 364 1141 409 1178; x_wconf 88' lang='lat' dir='ltr'>de</span> <span class='ocrx_word' id='word_1_151' title='bbox 434 1141 582 1178; x_wconf 81' lang='lat' dir='ltr'><strong>Romuli</strong></span> <span class='ocrx_word' id='word_1_152' title='bbox 615 1141 714 1187; x_wconf 83' lang='lat' dir='ltr'>exitu</span> <span class='ocrx_word' id='word_1_153' title='bbox 738 1142 967 1182; x_wconf 77' lang='lat' dir='ltr'>narraverat,</span> <span class='ocrx_word' id='word_1_154' title='bbox 994 1140 1080 1176; x_wconf 89' lang='lat' dir='ltr'>inde</span> <span class='ocrx_word' id='word_1_155' title='bbox 1104 1141 1220 1185; x_wconf 88' lang='lat' dir='ltr'>patet,</span> <span class='ocrx_word' id='word_1_156' title='bbox 1248 1139 1345 1185; x_wconf 90' lang='lat' dir='ltr'>quod</span> <span class='ocrx_word' id='word_1_157' title='bbox 1372 1139 1520 1176; x_wconf 90' lang='lat' dir='ltr'>Ovidius</span> <span class='ocrx_word' id='word_1_158' title='bbox 1546 1152 1689 1177; x_wconf 85' lang='lat' dir='ltr'>versum</span> <span class='ocrx_word' id='word_1_159' title='bbox 1714 1141 1914 1177; x_wconf 86' lang='lat' dir='ltr'>Ennianum</span> <span class='ocrx_word' id='word_1_160' title='bbox 1947 1143 2105 1179; x_wconf 87' lang='lat' dir='ltr'>indidem</span> <span class='ocrx_word' id='word_1_161' title='bbox 2138 1144 2337 1189; x_wconf 86' lang='lat' dir='ltr'>repetitum</span> <span class='ocrx_word' id='word_1_162' title='bbox 2363 1144 2504 1180; x_wconf 90' lang='lat' dir='ltr'>duobus</span> <span class='ocrx_word' id='word_1_163' title='bbox 2530 1146 2629 1187; x_wconf 91' lang='lat' dir='ltr'>locis,</span> 
     </span>
     <span class='ocr_line' id='line_1_13' title="bbox 201 1198 2629 1251; baseline 0.002 -15"><span class='ocrx_word' id='word_1_164' title='bbox 201 1200 264 1236; x_wconf 89' lang='lat' dir='ltr'>ubi</span> <span class='ocrx_word' id='word_1_165' title='bbox 289 1200 334 1237; x_wconf 88' lang='lat' dir='ltr'>de</span> <span class='ocrx_word' id='word_1_166' title='bbox 361 1200 507 1238; x_wconf 83' lang='lat' dir='ltr'>Romuli</span> <span class='ocrx_word' id='word_1_167' title='bbox 532 1200 570 1236; x_wconf 93' lang='lat' dir='ltr'>in</span> <span class='ocrx_word' id='word_1_168' title='bbox 596 1199 735 1237; x_wconf 88' lang='lat' dir='ltr'>caelum</span> <span class='ocrx_word' id='word_1_169' title='bbox 760 1199 913 1236; x_wconf 87' lang='lat' dir='ltr'>ascensu</span> <span class='ocrx_word' id='word_1_170' title='bbox 937 1199 1102 1246; x_wconf 90' lang='lat' dir='ltr'>loquitur</span> <span class='ocrx_word' id='word_1_171' title='bbox 1128 1198 1230 1244; x_wconf 80' lang='lat' dir='ltr'>(Met.</span> <span class='ocrx_word' id='word_1_172' title='bbox 1257 1198 1354 1235; x_wconf 88' lang='lat' dir='ltr'>XIV.</span> <span class='ocrx_word' id='word_1_173' title='bbox 1372 1200 1453 1242; x_wconf 86' lang='lat'>814,</span> <span class='ocrx_word' id='word_1_174' title='bbox 1479 1200 1580 1236; x_wconf 87' lang='lat' dir='ltr'>Fast.</span> <span class='ocrx_word' id='word_1_175' title='bbox 1606 1200 1655 1236; x_wconf 89' lang='lat' dir='ltr'>H.</span> <span class='ocrx_word' id='word_1_176' title='bbox 1673 1200 1769 1246; x_wconf 86' lang='lat'>475),</span> <span class='ocrx_word' id='word_1_177' title='bbox 1794 1200 1954 1237; x_wconf 84' lang='lat' dir='ltr'>versibus</span> <span class='ocrx_word' id='word_1_178' title='bbox 1979 1203 2052 1238; x_wconf 90' lang='lat' dir='ltr'>suis</span> <span class='ocrx_word' id='word_1_179' title='bbox 2078 1203 2243 1239; x_wconf 82' lang='lat' dir='ltr'>inseruit.</span> <span class='ocrx_word' id='word_1_180' title='bbox 2270 1203 2315 1239; x_wconf 83' lang='lat' dir='ltr'>ef.</span> <span class='ocrx_word' id='word_1_181' title='bbox 2342 1203 2514 1251; x_wconf 85' lang='lat' dir='ltr'>Zingerle</span> <span class='ocrx_word' id='word_1_182' title='bbox 2531 1205 2581 1240; x_wconf 89' lang='lat'>11.</span> <span class='ocrx_word' id='word_1_183' title='bbox 2597 1207 2629 1245; x_wconf 89' lang='lat'>6,</span> 
     </span>
     <span class='ocr_line' id='line_1_14' title="bbox 200 1259 2629 1311; baseline 0.002 -15"><span class='ocrx_word' id='word_1_184' title='bbox 200 1263 239 1296; x_wconf 91' lang='lat' dir='ltr'>et</span> <span class='ocrx_word' id='word_1_185' title='bbox 264 1272 357 1307; x_wconf 90' lang='lat' dir='ltr'>quae</span> <span class='ocrx_word' id='word_1_186' title='bbox 384 1261 429 1297; x_wconf 81' lang='lat' dir='ltr'>de</span> <span class='ocrx_word' id='word_1_187' title='bbox 454 1259 662 1296; x_wconf 87' lang='lat' dir='ltr'>huiusmodi</span> <span class='ocrx_word' id='word_1_188' title='bbox 686 1260 816 1296; x_wconf 85' lang='lat' dir='ltr'>florum</span> <span class='ocrx_word' id='word_1_189' title='bbox 840 1259 1079 1305; x_wconf 75' lang='lat' dir='ltr'><strong>usurpatione</strong></span> <span class='ocrx_word' id='word_1_190' title='bbox 1096 1260 1198 1295; x_wconf 91' lang='lat' dir='ltr'>nisus</span> <span class='ocrx_word' id='word_1_191' title='bbox 1215 1259 1440 1306; x_wconf 87' lang='lat' dir='ltr'>gravissimis</span> <span class='ocrx_word' id='word_1_192' title='bbox 1458 1260 1689 1306; x_wconf 89' lang='lat' dir='ltr'>antiquorum</span> <span class='ocrx_word' id='word_1_193' title='bbox 1714 1260 1931 1296; x_wconf 78' lang='lat' dir='ltr'>testimoniis</span> <span class='ocrx_word' id='word_1_194' title='bbox 1957 1262 2141 1307; x_wconf 84' lang='lat' dir='ltr'>ingeniose</span> <span class='ocrx_word' id='word_1_195' title='bbox 2160 1263 2333 1299; x_wconf 83' lang='lat' dir='ltr'>disseruit</span> <span class='ocrx_word' id='word_1_196' title='bbox 2355 1263 2444 1299; x_wconf 87' lang='lat' dir='ltr'>ibid.</span> <span class='ocrx_word' id='word_1_197' title='bbox 2465 1266 2532 1300; x_wconf 91' lang='lat'>117</span> <span class='ocrx_word' id='word_1_198' title='bbox 2551 1276 2629 1311; x_wconf 87' lang='lat' dir='ltr'>sqq.</span> 
     </span>
     <span class='ocr_line' id='line_1_15' title="bbox 203 1314 2629 1368; baseline 0.002 -12"><span class='ocrx_word' id='word_1_199' title='bbox 203 1321 256 1357; x_wconf 93' lang='lat' dir='ltr'>Ac</span> <span class='ocrx_word' id='word_1_200' title='bbox 281 1332 327 1357; x_wconf 89' lang='lat' dir='ltr'>ne</span> <span class='ocrx_word' id='word_1_201' title='bbox 345 1320 485 1358; x_wconf 82' lang='lat' dir='ltr'>Ennius</span> <span class='ocrx_word' id='word_1_202' title='bbox 512 1319 660 1366; x_wconf 89' lang='lat' dir='ltr'>quidem</span> <span class='ocrx_word' id='word_1_203' title='bbox 684 1314 724 1355; x_wconf 89' lang='lat' dir='ltr'>in</span> <span class='ocrx_word' id='word_1_204' title='bbox 750 1318 930 1356; x_wconf 87' lang='lat' dir='ltr'>edolanda</span> <span class='ocrx_word' id='word_1_205' title='bbox 946 1318 1093 1355; x_wconf 84' lang='lat' dir='ltr'>Romuli</span> <span class='ocrx_word' id='word_1_206' title='bbox 1117 1319 1388 1356; x_wconf 88' lang='lat' dir='ltr'>consecratione</span> <span class='ocrx_word' id='word_1_207' title='bbox 1413 1320 1573 1365; x_wconf 79' lang='lat' dir='ltr'>privatas</span> <span class='ocrx_word' id='word_1_208' title='bbox 1591 1320 1771 1365; x_wconf 87' lang='lat' dir='ltr'>quaesivit</span> <span class='ocrx_word' id='word_1_209' title='bbox 1797 1331 1894 1365; x_wconf 90' lang='lat' dir='ltr'>opes,</span> <span class='ocrx_word' id='word_1_210' title='bbox 1919 1321 1981 1357; x_wconf 85' lang='lat' dir='ltr'>sed</span> <span class='ocrx_word' id='word_1_211' title='bbox 1998 1321 2232 1367; x_wconf 81' lang='lat' dir='ltr'>deprompsit,</span> <span class='ocrx_word' id='word_1_212' title='bbox 2251 1323 2356 1368; x_wconf 67' lang='lat' dir='ltr'>‘quod</span> <span class='ocrx_word' id='word_1_213' title='bbox 2375 1324 2408 1359; x_wconf 90' lang='lat' dir='ltr'>ei</span> <span class='ocrx_word' id='word_1_214' title='bbox 2425 1324 2629 1367; x_wconf 88' lang='lat' dir='ltr'>videbatur,</span> 
     </span>
     <span class='ocr_line' id='line_1_16' title="bbox 203 1371 2629 1426; baseline 0.002 -10"><span class='ocrx_word' id='word_1_215' title='bbox 203 1390 222 1415; x_wconf 89' lang='lat' dir='ltr'>e</span> <span class='ocrx_word' id='word_1_216' title='bbox 253 1379 475 1416; x_wconf 84' lang='lat' dir='ltr'>Graecorum</span> <span class='ocrx_word' id='word_1_217' title='bbox 512 1378 747 1421; x_wconf 82' lang='lat' dir='ltr'>carminibus,</span> <span class='ocrx_word' id='word_1_218' title='bbox 787 1378 918 1424; x_wconf 91' lang='lat' dir='ltr'>quibus</span> <span class='ocrx_word' id='word_1_219' title='bbox 956 1371 1220 1424; x_wconf 85' lang='lat' dir='ltr'>exponebatur,</span> <span class='ocrx_word' id='word_1_220' title='bbox 1254 1378 1433 1424; x_wconf 90' lang='lat' dir='ltr'>quomodo</span> <span class='ocrx_word' id='word_1_221' title='bbox 1465 1379 1640 1414; x_wconf 87' lang='lat' dir='ltr'>Hercules</span> <span class='ocrx_word' id='word_1_222' title='bbox 1679 1379 1726 1414; x_wconf 90' lang='lat' dir='ltr'>ad</span> <span class='ocrx_word' id='word_1_223' title='bbox 1762 1378 1848 1414; x_wconf 91' lang='lat' dir='ltr'>deos</span> <span class='ocrx_word' id='word_1_224' title='bbox 1884 1379 2026 1415; x_wconf 88' lang='lat' dir='ltr'>abisset.</span> <span class='ocrx_word' id='word_1_225' title='bbox 2061 1381 2103 1416; x_wconf 83' lang='lat' dir='ltr'>cf.</span> <span class='ocrx_word' id='word_1_226' title='bbox 2129 1381 2286 1417; x_wconf 89' lang='lat' dir='ltr'>Preller:</span> <span class='ocrx_word' id='word_1_227' title='bbox 2326 1382 2369 1418; x_wconf 87' lang='lat' dir='ltr'>G.</span> <span class='ocrx_word' id='word_1_228' title='bbox 2396 1383 2444 1418; x_wconf 87' lang='lat' dir='ltr'>M.</span> <span class='ocrx_word' id='word_1_229' title='bbox 2471 1382 2521 1418; x_wconf 89' lang='lat' dir='ltr'>H.</span> <span class='ocrx_word' id='word_1_230' title='bbox 2550 1384 2629 1426; x_wconf 88' lang='lat'>257,</span> 
     </span>
     <span class='ocr_line' id='line_1_17' title="bbox 201 1435 2629 1484; baseline 0.001 -9"><span class='ocrx_word' id='word_1_231' title='bbox 201 1439 244 1475; x_wconf 85' lang='lat' dir='ltr'>R.</span> <span class='ocrx_word' id='word_1_232' title='bbox 277 1440 325 1475; x_wconf 78' lang='lat' dir='ltr'>M.</span> <span class='ocrx_word' id='word_1_233' title='bbox 355 1450 393 1484; x_wconf 86' lang='lat' dir='ltr'>p.</span> <span class='ocrx_word' id='word_1_234' title='bbox 428 1440 508 1476; x_wconf 82' lang='lat'><strong>704.</strong></span> <span class='ocrx_word' id='word_1_235' title='bbox 568 1435 725 1474; x_wconf 83' lang='lat' dir='ltr'>Easdem</span> <span class='ocrx_word' id='word_1_236' title='bbox 756 1448 841 1473; x_wconf 83' lang='lat' dir='ltr'>vero</span> <span class='ocrx_word' id='word_1_237' title='bbox 872 1440 997 1483; x_wconf 86' lang='lat' dir='ltr'>partes</span> <span class='ocrx_word' id='word_1_238' title='bbox 1031 1437 1196 1474; x_wconf 89' lang='lat' dir='ltr'>obtinere</span> <span class='ocrx_word' id='word_1_239' title='bbox 1227 1437 1404 1473; x_wconf 91' lang='lat' dir='ltr'>Iunonem</span> <span class='ocrx_word' id='word_1_240' title='bbox 1438 1441 1476 1473; x_wconf 90' lang='lat' dir='ltr'>et</span> <span class='ocrx_word' id='word_1_241' title='bbox 1507 1439 1545 1473; x_wconf 91' lang='lat' dir='ltr'>in</span> <span class='ocrx_word' id='word_1_242' title='bbox 1570 1438 1728 1473; x_wconf 86' lang='lat' dir='ltr'>Hercule</span> <span class='ocrx_word' id='word_1_243' title='bbox 1754 1441 1792 1473; x_wconf 92' lang='lat' dir='ltr'>et</span> <span class='ocrx_word' id='word_1_244' title='bbox 1816 1439 1853 1473; x_wconf 90' lang='lat' dir='ltr'>in</span> <span class='ocrx_word' id='word_1_245' title='bbox 1879 1439 2027 1474; x_wconf 88' lang='lat' dir='ltr'>Romulo</span> <span class='ocrx_word' id='word_1_246' title='bbox 2053 1440 2294 1476; x_wconf 88' lang='lat' dir='ltr'>consecrando</span> <span class='ocrx_word' id='word_1_247' title='bbox 2320 1444 2447 1477; x_wconf 91' lang='lat' dir='ltr'>notum</span> <span class='ocrx_word' id='word_1_248' title='bbox 2473 1446 2544 1477; x_wconf 88' lang='lat' dir='ltr'>est.</span> <span class='ocrx_word' id='word_1_249' title='bbox 2585 1443 2629 1478; x_wconf 83' lang='lat' dir='ltr'>cf.</span> 
     </span>
     <span class='ocr_line' id='line_1_18' title="bbox 201 1496 2630 1546; baseline 0.001 -11"><span class='ocrx_word' id='word_1_250' title='bbox 201 1497 307 1535; x_wconf 87' lang='lat' dir='ltr'>Ovid.</span> <span class='ocrx_word' id='word_1_251' title='bbox 332 1498 421 1535; x_wconf 78' lang='lat' dir='ltr'>Met.</span> <span class='ocrx_word' id='word_1_252' title='bbox 448 1498 513 1534; x_wconf 93' lang='lat' dir='ltr'>IX.</span> <span class='ocrx_word' id='word_1_253' title='bbox 541 1498 611 1534; x_wconf 83' lang='lat'>255</span> <span class='ocrx_word' id='word_1_254' title='bbox 636 1508 714 1543; x_wconf 91' lang='lat' dir='ltr'>sqq.</span> <span class='ocrx_word' id='word_1_255' title='bbox 772 1497 895 1533; x_wconf 88' lang='lat' dir='ltr'>Etiam</span> <span class='ocrx_word' id='word_1_256' title='bbox 920 1496 1032 1538; x_wconf 89' lang='lat' dir='ltr'>illud,</span> <span class='ocrx_word' id='word_1_257' title='bbox 1069 1496 1166 1542; x_wconf 91' lang='lat' dir='ltr'>quod</span> <span class='ocrx_word' id='word_1_258' title='bbox 1191 1496 1316 1533; x_wconf 88' lang='lat' dir='ltr'>eadem</span> <span class='ocrx_word' id='word_1_259' title='bbox 1342 1497 1484 1533; x_wconf 90' lang='lat' dir='ltr'>ratione</span> <span class='ocrx_word' id='word_1_260' title='bbox 1510 1497 1660 1533; x_wconf 87' lang='lat' dir='ltr'>Ovidius</span> <span class='ocrx_word' id='word_1_261' title='bbox 1686 1497 1876 1533; x_wconf 86' lang='lat' dir='ltr'>Herculem</span> <span class='ocrx_word' id='word_1_262' title='bbox 1903 1498 2051 1534; x_wconf 90' lang='lat' dir='ltr'>sublime</span> <span class='ocrx_word' id='word_1_263' title='bbox 2077 1499 2162 1534; x_wconf 88' lang='lat' dir='ltr'>ferri</span> <span class='ocrx_word' id='word_1_264' title='bbox 2188 1500 2291 1540; x_wconf 86' lang='lat' dir='ltr'>facit,</span> <span class='ocrx_word' id='word_1_265' title='bbox 2327 1512 2399 1545; x_wconf 90' lang='lat' dir='ltr'>qua</span> <span class='ocrx_word' id='word_1_266' title='bbox 2424 1503 2462 1536; x_wconf 89' lang='lat' dir='ltr'>et</span> <span class='ocrx_word' id='word_1_267' title='bbox 2487 1501 2565 1546; x_wconf 88' lang='lat' dir='ltr'>ipse</span> <span class='ocrx_word' id='word_1_268' title='bbox 2592 1506 2630 1537; x_wconf 85' lang='lat' dir='ltr'>et</span> 
     </span>
     <span class='ocr_line' id='line_1_19' title="bbox 200 1548 2628 1605; baseline 0.001 -11"><span class='ocrx_word' id='word_1_269' title='bbox 200 1557 376 1600; x_wconf 77' lang='lat' dir='ltr'>Horatius</span> <span class='ocrx_word' id='word_1_270' title='bbox 402 1548 597 1594; x_wconf 85' lang='lat' dir='ltr'>Romulum</span> <span class='ocrx_word' id='word_1_271' title='bbox 622 1556 763 1593; x_wconf 87' lang='lat' dir='ltr'>faciunt</span> <span class='ocrx_word' id='word_1_272' title='bbox 789 1568 811 1593; x_wconf 89' lang='lat' dir='ltr'>a</span> <span class='ocrx_word' id='word_1_273' title='bbox 835 1558 1032 1603; x_wconf 86' lang='lat' dir='ltr'>conspectu</span> <span class='ocrx_word' id='word_1_274' title='bbox 1057 1556 1216 1605; x_wconf 90' lang='lat' dir='ltr'>omnium</span> <span class='ocrx_word' id='word_1_275' title='bbox 1241 1556 1279 1592; x_wconf 91' lang='lat' dir='ltr'>in</span> <span class='ocrx_word' id='word_1_276' title='bbox 1304 1556 1444 1593; x_wconf 89' lang='lat' dir='ltr'>coelum</span> <span class='ocrx_word' id='word_1_277' title='bbox 1470 1556 1635 1593; x_wconf 80' lang='lat' dir='ltr'>abstrahi</span> <span class='ocrx_word' id='word_1_278' title='bbox 1661 1556 1719 1600; x_wconf 86' lang='lat' dir='ltr'>(cf.</span> <span class='ocrx_word' id='word_1_279' title='bbox 1745 1556 1832 1593; x_wconf 81' lang='lat' dir='ltr'>Met.</span> <span class='ocrx_word' id='word_1_280' title='bbox 1850 1557 1914 1593; x_wconf 90' lang='lat' dir='ltr'>IX.</span> <span class='ocrx_word' id='word_1_281' title='bbox 1932 1558 2013 1599; x_wconf 87' lang='lat'>271,</span> <span class='ocrx_word' id='word_1_282' title='bbox 2038 1558 2084 1593; x_wconf 93' lang='lat' dir='ltr'>ib.</span> <span class='ocrx_word' id='word_1_283' title='bbox 2113 1559 2206 1594; x_wconf 87' lang='lat' dir='ltr'><strong>XIV.</strong></span> <span class='ocrx_word' id='word_1_284' title='bbox 2233 1560 2314 1601; x_wconf 88' lang='lat'>820,</span> <span class='ocrx_word' id='word_1_285' title='bbox 2340 1560 2442 1596; x_wconf 87' lang='lat' dir='ltr'>Fast.</span> <span class='ocrx_word' id='word_1_286' title='bbox 2469 1560 2518 1596; x_wconf 87' lang='lat' dir='ltr'>H.</span> <span class='ocrx_word' id='word_1_287' title='bbox 2545 1562 2628 1602; x_wconf 79' lang='lat'>496,</span> 
     </span>
     <span class='ocr_line' id='line_1_20' title="bbox 198 1616 2630 1663; baseline 0.001 -9"><span class='ocrx_word' id='word_1_288' title='bbox 198 1617 288 1655; x_wconf 89' lang='lat' dir='ltr'>Hor.</span> <span class='ocrx_word' id='word_1_289' title='bbox 313 1617 383 1654; x_wconf 91' lang='grc' dir='ltr'><strong>ΠΙ.</strong></span> <span class='ocrx_word' id='word_1_290' title='bbox 411 1617 507 1663; x_wconf 62' lang='grc'>348),</span> <span class='ocrx_word' id='word_1_291' title='bbox 540 1616 751 1653; x_wconf 89' lang='lat' dir='ltr'>testimonio</span> <span class='ocrx_word' id='word_1_292' title='bbox 785 1619 842 1653; x_wconf 90' lang='lat' dir='ltr'>est</span> <span class='ocrx_word' id='word_1_293' title='bbox 873 1616 1066 1656; x_wconf 87' lang='lat' dir='ltr'>Horatium</span> <span class='ocrx_word' id='word_1_294' title='bbox 1099 1619 1355 1663; x_wconf 85' lang='lat' dir='ltr'>argumentum</span> <span class='ocrx_word' id='word_1_295' title='bbox 1388 1617 1557 1653; x_wconf 80' lang='lat' dir='ltr'>carminis</span> <span class='ocrx_word' id='word_1_296' title='bbox 1591 1616 1739 1652; x_wconf 84' lang='lat' dir='ltr'>aliunde</span> <span class='ocrx_word' id='word_1_297' title='bbox 1762 1620 1964 1653; x_wconf 87' lang='lat' dir='ltr'>mutuatum</span> <span class='ocrx_word' id='word_1_298' title='bbox 1990 1629 2076 1654; x_wconf 90' lang='lat' dir='ltr'>esse.</span> <span class='ocrx_word' id='word_1_299' title='bbox 2127 1618 2214 1656; x_wconf 91' lang='lat' dir='ltr'>Cum</span> <span class='ocrx_word' id='word_1_300' title='bbox 2242 1619 2329 1655; x_wconf 88' lang='lat' dir='ltr'>Hor.</span> <span class='ocrx_word' id='word_1_301' title='bbox 2355 1619 2423 1656; x_wconf 86' lang='lat'><strong>111.</strong></span> <span class='ocrx_word' id='word_1_302' title='bbox 2459 1621 2481 1656; x_wconf 97' lang='lat'><strong>3</strong></span> <span class='ocrx_word' id='word_1_303' title='bbox 2516 1621 2630 1657; x_wconf 88' lang='lat' dir='ltr'>etiam</span> 
     </span>
     <span class='ocr_line' id='line_1_21' title="bbox 200 1668 2630 1724; baseline 0 -9"><span class='ocrx_word' id='word_1_304' title='bbox 200 1679 267 1715; x_wconf 89' lang='lat' dir='ltr'>illa</span> <span class='ocrx_word' id='word_1_305' title='bbox 292 1677 449 1715; x_wconf 82' lang='lat' dir='ltr'>conferri</span> <span class='ocrx_word' id='word_1_306' title='bbox 473 1679 644 1724; x_wconf 87' lang='lat' dir='ltr'>possunt,</span> <span class='ocrx_word' id='word_1_307' title='bbox 677 1668 772 1723; x_wconf 75' lang='lat' dir='ltr'>‘quae</span> <span class='ocrx_word' id='word_1_308' title='bbox 806 1676 850 1712; x_wconf 91' lang='lat' dir='ltr'>de</span> <span class='ocrx_word' id='word_1_309' title='bbox 876 1677 1001 1713; x_wconf 86' lang='lat' dir='ltr'>Aenea</span> <span class='ocrx_word' id='word_1_310' title='bbox 1023 1676 1141 1721; x_wconf 79' lang='lat' dir='ltr'>tradit</span> <span class='ocrx_word' id='word_1_311' title='bbox 1166 1676 1318 1713; x_wconf 81' lang='lat' dir='ltr'>Ovidius</span> <span class='ocrx_word' id='word_1_312' title='bbox 1343 1677 1431 1713; x_wconf 81' lang='lat' dir='ltr'>Met.</span> <span class='ocrx_word' id='word_1_313' title='bbox 1457 1677 1552 1713; x_wconf 80' lang='lat' dir='ltr'><strong>XIV.</strong></span> <span class='ocrx_word' id='word_1_314' title='bbox 1579 1676 1647 1713; x_wconf 83' lang='lat'>581</span> <span class='ocrx_word' id='word_1_315' title='bbox 1676 1687 1753 1722; x_wconf 88' lang='lat' dir='ltr'><strong>sqq.</strong></span> <span class='ocrx_word' id='word_1_316' title='bbox 1803 1676 1861 1712; x_wconf 91' lang='lat' dir='ltr'>Ibi</span> <span class='ocrx_word' id='word_1_317' title='bbox 1896 1688 2034 1723; x_wconf 89' lang='lat' dir='ltr'>quoque</span> <span class='ocrx_word' id='word_1_318' title='bbox 2066 1678 2108 1714; x_wconf 88' lang='lat' dir='ltr'>de</span> <span class='ocrx_word' id='word_1_319' title='bbox 2134 1680 2277 1715; x_wconf 87' lang='lat' dir='ltr'>Aeneae</span> <span class='ocrx_word' id='word_1_320' title='bbox 2302 1679 2348 1715; x_wconf 91' lang='lat' dir='ltr'>ad</span> <span class='ocrx_word' id='word_1_321' title='bbox 2374 1680 2552 1716; x_wconf 87' lang='lat' dir='ltr'>caelestes</span> <span class='ocrx_word' id='word_1_322' title='bbox 2578 1682 2630 1716; x_wconf 93' lang='lat' dir='ltr'>in·</span> 
     </span>
     <span class='ocr_line' id='line_1_22' title="bbox 200 1736 2628 1784; baseline 0 -9"><span class='ocrx_word' id='word_1_323' title='bbox 200 1739 316 1776; x_wconf 89' lang='lat' dir='ltr'>troitu</span> <span class='ocrx_word' id='word_1_324' title='bbox 342 1738 571 1777; x_wconf 81' lang='lat' dir='ltr'>consultatur</span> <span class='ocrx_word' id='word_1_325' title='bbox 601 1738 639 1772; x_wconf 91' lang='lat' dir='ltr'>in</span> <span class='ocrx_word' id='word_1_326' title='bbox 665 1737 818 1773; x_wconf 91' lang='lat' dir='ltr'>concilio</span> <span class='ocrx_word' id='word_1_327' title='bbox 844 1736 1013 1779; x_wconf 86' lang='lat' dir='ltr'>deorum,</span> <span class='ocrx_word' id='word_1_328' title='bbox 1052 1736 1106 1773; x_wconf 89' lang='lat' dir='ltr'>ibi</span> <span class='ocrx_word' id='word_1_329' title='bbox 1138 1748 1280 1782; x_wconf 89' lang='lat' dir='ltr'>quoque</span> <span class='ocrx_word' id='word_1_330' title='bbox 1304 1737 1395 1773; x_wconf 94' lang='lat' dir='ltr'>Iuno</span> <span class='ocrx_word' id='word_1_331' title='bbox 1426 1740 1567 1773; x_wconf 84' lang='lat' dir='ltr'>veteres</span> <span class='ocrx_word' id='word_1_332' title='bbox 1599 1736 1804 1772; x_wconf 85' lang='lat' dir='ltr'>simultates</span> <span class='ocrx_word' id='word_1_333' title='bbox 1837 1737 1982 1782; x_wconf 89' lang='lat' dir='ltr'>deponit</span> <span class='ocrx_word' id='word_1_334' title='bbox 2016 1738 2111 1773; x_wconf 89' lang='lat' dir='ltr'>victa</span> <span class='ocrx_word' id='word_1_335' title='bbox 2141 1739 2276 1784; x_wconf 83' lang='lat' dir='ltr'>insigni</span> <span class='ocrx_word' id='word_1_336' title='bbox 2301 1739 2446 1775; x_wconf 81' lang='lat' dir='ltr'>Aeneae</span> <span class='ocrx_word' id='word_1_337' title='bbox 2480 1741 2628 1776; x_wconf 80' lang='lat' dir='ltr'>virtute.</span> 
     </span>
    </p>
   </div>
   <div class='ocr_carea' id='block_1_8' title="bbox 138 1807 2629 3242">
    <p class='ocr_par' dir='ltr' id='par_1_8' title="bbox 138 1807 2629 3242">
     <span class='ocr_line' id='line_1_23' title="bbox 416 1807 2628 1856; baseline 0.001 -12"><span class='ocrx_word' id='word_1_338' title='bbox 416 1809 495 1845; x_wconf 92' lang='lat' dir='ltr'>Hoc</span> <span class='ocrx_word' id='word_1_339' title='bbox 512 1810 591 1844; x_wconf 91' lang='lat' dir='ltr'>loco</span> <span class='ocrx_word' id='word_1_340' title='bbox 605 1809 717 1844; x_wconf 83' lang='lat' dir='ltr'>etiam</span> <span class='ocrx_word' id='word_1_341' title='bbox 734 1808 827 1843; x_wconf 92' lang='lat' dir='ltr'>illud</span> <span class='ocrx_word' id='word_1_342' title='bbox 840 1808 1095 1854; x_wconf 89' lang='lat' dir='ltr'>inquirendum</span> <span class='ocrx_word' id='word_1_343' title='bbox 1106 1807 1262 1850; x_wconf 82' lang='lat' dir='ltr'>videtur,</span> <span class='ocrx_word' id='word_1_344' title='bbox 1281 1819 1367 1844; x_wconf 91' lang='lat' dir='ltr'>num</span> <span class='ocrx_word' id='word_1_345' title='bbox 1385 1807 1472 1853; x_wconf 88' lang='lat' dir='ltr'>quid</span> <span class='ocrx_word' id='word_1_346' title='bbox 1489 1819 1676 1843; x_wconf 91' lang='lat' dir='ltr'>commune</span> <span class='ocrx_word' id='word_1_347' title='bbox 1694 1808 1744 1843; x_wconf 86' lang='lat' dir='ltr'>sit</span> <span class='ocrx_word' id='word_1_348' title='bbox 1758 1808 1907 1843; x_wconf 86' lang='lat' dir='ltr'>carmini</span> <span class='ocrx_word' id='word_1_349' title='bbox 1923 1809 2031 1844; x_wconf 88' lang='lat' dir='ltr'>tertio</span> <span class='ocrx_word' id='word_1_350' title='bbox 2049 1820 2127 1844; x_wconf 90' lang='lat' dir='ltr'>cum</span> <span class='ocrx_word' id='word_1_351' title='bbox 2141 1810 2361 1856; x_wconf 91' lang='lat' dir='ltr'>Vergilianis</span> <span class='ocrx_word' id='word_1_352' title='bbox 2374 1811 2449 1846; x_wconf 91' lang='lat' dir='ltr'>illis</span> <span class='ocrx_word' id='word_1_353' title='bbox 2463 1811 2628 1848; x_wconf 84' lang='lat' dir='ltr'>versibus</span> 
     </span>
     <span class='ocr_line' id='line_1_24' title="bbox 194 1867 2629 1914; baseline 0 -8"><span class='ocrx_word' id='word_1_354' title='bbox 194 1870 288 1906; x_wconf 84' lang='lat' dir='ltr'>Aen.</span> <span class='ocrx_word' id='word_1_355' title='bbox 315 1869 398 1906; x_wconf 85' lang='lat' dir='ltr'><strong>XII.</strong></span> <span class='ocrx_word' id='word_1_356' title='bbox 425 1868 497 1905; x_wconf 89' lang='lat'>818</span> <span class='ocrx_word' id='word_1_357' title='bbox 529 1878 613 1914; x_wconf 78' lang='lat' dir='ltr'>sqq.</span> <span class='ocrx_word' id='word_1_358' title='bbox 662 1868 739 1904; x_wconf 90' lang='lat' dir='ltr'>Iam</span> <span class='ocrx_word' id='word_1_359' title='bbox 764 1868 928 1914; x_wconf 82' lang='lat' dir='ltr'>Heynius</span> <span class='ocrx_word' id='word_1_360' title='bbox 962 1867 1153 1904; x_wconf 84' lang='lat' dir='ltr'>annotavit</span> <span class='ocrx_word' id='word_1_361' title='bbox 1176 1868 1201 1903; x_wconf 93' lang='lat' dir='ltr'><strong>l.</strong></span> <span class='ocrx_word' id='word_1_362' title='bbox 1227 1868 1250 1903; x_wconf 91' lang='lat'><strong>1.</strong></span> <span class='ocrx_word' id='word_1_363' title='bbox 1302 1872 1485 1910; x_wconf 89' lang='lat' dir='ltr'>„ceterum</span> <span class='ocrx_word' id='word_1_364' title='bbox 1510 1870 1629 1904; x_wconf 90' lang='lat' dir='ltr'>totum</span> <span class='ocrx_word' id='word_1_365' title='bbox 1654 1868 1750 1903; x_wconf 91' lang='lat' dir='ltr'>hunc</span> <span class='ocrx_word' id='word_1_366' title='bbox 1775 1868 1892 1904; x_wconf 91' lang='lat' dir='ltr'>locum</span> <span class='ocrx_word' id='word_1_367' title='bbox 1918 1868 1963 1904; x_wconf 86' lang='lat' dir='ltr'>ad</span> <span class='ocrx_word' id='word_1_368' title='bbox 1987 1869 2117 1914; x_wconf 83' lang='lat' dir='ltr'>lyricos</span> <span class='ocrx_word' id='word_1_369' title='bbox 2143 1880 2309 1905; x_wconf 91' lang='lat' dir='ltr'>numeros</span> <span class='ocrx_word' id='word_1_370' title='bbox 2334 1871 2529 1906; x_wconf 87' lang='lat' dir='ltr'>transtulit</span> <span class='ocrx_word' id='word_1_371' title='bbox 2553 1871 2629 1907; x_wconf 88' lang='lat' dir='ltr'>Ho-</span> 
     </span>
     <span class='ocr_line' id='line_1_25' title="bbox 200 1927 2626 1975; baseline 0 -10"><span class='ocrx_word' id='word_1_372' title='bbox 200 1929 317 1966; x_wconf 86' lang='lat' dir='ltr'>ratius</span> <span class='ocrx_word' id='word_1_373' title='bbox 343 1929 383 1965; x_wconf 86' lang='lat' dir='ltr'>in</span> <span class='ocrx_word' id='word_1_374' title='bbox 407 1929 512 1975; x_wconf 88' lang='lat' dir='ltr'>regia</span> <span class='ocrx_word' id='word_1_375' title='bbox 538 1927 618 1964; x_wconf 90' lang='lat' dir='ltr'>Oda</span> <span class='ocrx_word' id='word_1_376' title='bbox 641 1928 711 1964; x_wconf 90' lang='grc' dir='ltr'><strong>ΠΙ.</strong></span> <span class='ocrx_word' id='word_1_377' title='bbox 737 1928 777 1965; x_wconf 84' lang='grc'><strong>3.</strong></span> <span class='ocrx_word' id='word_1_378' title='bbox 793 1955 801 1963; x_wconf 96' lang='grc'><strong>.</strong></span> <span class='ocrx_word' id='word_1_379' title='bbox 818 1956 825 1963; x_wconf 96' lang='grc'><strong>.</strong></span> <span class='ocrx_word' id='word_1_380' title='bbox 841 1955 849 1963; x_wconf 95' lang='grc'><strong>.</strong></span> <span class='ocrx_word' id='word_1_381' title='bbox 891 1927 1043 1964; x_wconf 86' lang='lat' dir='ltr'>Censuit</span> <span class='ocrx_word' id='word_1_382' title='bbox 1067 1927 1183 1974; x_wconf 86' lang='lat' dir='ltr'>igitur</span> <span class='ocrx_word' id='word_1_383' title='bbox 1208 1927 1262 1963; x_wconf 87' lang='lat' dir='ltr'>vir</span> <span class='ocrx_word' id='word_1_384' title='bbox 1287 1927 1517 1973; x_wconf 85' lang='lat' dir='ltr'>doctissimus</span> <span class='ocrx_word' id='word_1_385' title='bbox 1542 1928 1646 1964; x_wconf 88' lang='lat' dir='ltr'>tertii</span> <span class='ocrx_word' id='word_1_386' title='bbox 1674 1928 1840 1963; x_wconf 87' lang='lat' dir='ltr'>carminis</span> <span class='ocrx_word' id='word_1_387' title='bbox 1867 1928 2052 1963; x_wconf 88' lang='lat' dir='ltr'>materiam</span> <span class='ocrx_word' id='word_1_388' title='bbox 2080 1939 2101 1964; x_wconf 90' lang='lat' dir='ltr'>a</span> <span class='ocrx_word' id='word_1_389' title='bbox 2127 1929 2288 1975; x_wconf 89' lang='lat' dir='ltr'>Vergilio</span> <span class='ocrx_word' id='word_1_390' title='bbox 2313 1930 2509 1975; x_wconf 79' lang='lat' dir='ltr'>repetitam</span> <span class='ocrx_word' id='word_1_391' title='bbox 2536 1942 2626 1967; x_wconf 87' lang='lat' dir='ltr'>esse.</span> 
     </span>
     <span class='ocr_line' id='line_1_26' title="bbox 200 1979 2628 2039; baseline 0 -14"><span class='ocrx_word' id='word_1_392' title='bbox 200 1979 338 2039; x_wconf 80' lang='lat' dir='ltr'>Contra</span> <span class='ocrx_word' id='word_1_393' title='bbox 362 1982 569 2025; x_wconf 83' lang='lat' dir='ltr'>Duentzero</span> <span class='ocrx_word' id='word_1_394' title='bbox 596 1988 653 2035; x_wconf 84' lang='lat' dir='ltr'>(cf.</span> <span class='ocrx_word' id='word_1_395' title='bbox 679 1988 795 2025; x_wconf 87' lang='lat' dir='ltr'>Jahns</span> <span class='ocrx_word' id='word_1_396' title='bbox 812 1987 939 2024; x_wconf 89' lang='lat' dir='ltr'>Jahrb.</span> <span class='ocrx_word' id='word_1_397' title='bbox 969 1987 1060 2024; x_wconf 84' lang='grc'><strong>1869</strong></span> <span class='ocrx_word' id='word_1_398' title='bbox 1086 1998 1121 2033; x_wconf 90' lang='lat' dir='ltr'>p.</span> <span class='ocrx_word' id='word_1_399' title='bbox 1148 1988 1218 2024; x_wconf 87' lang='lat'>328</span> <span class='ocrx_word' id='word_1_400' title='bbox 1244 1998 1322 2034; x_wconf 88' lang='lat' dir='ltr'><strong>sqq.</strong></span> <span class='ocrx_word' id='word_1_401' title='bbox 1349 1988 1569 2035; x_wconf 75' lang='lat' dir='ltr'>„Vergilius¹</span> <span class='ocrx_word' id='word_1_402' title='bbox 1584 1988 1660 2023; x_wconf 89' lang='lat' dir='ltr'>und</span> <span class='ocrx_word' id='word_1_403' title='bbox 1685 1988 1894 2034; x_wconf 88' lang='lat' dir='ltr'>Horatius“)</span> <span class='ocrx_word' id='word_1_404' title='bbox 1928 1987 2113 2033; x_wconf 87' lang='lat' dir='ltr'>probabile</span> <span class='ocrx_word' id='word_1_405' title='bbox 2146 1989 2288 2024; x_wconf 87' lang='lat' dir='ltr'>videtur</span> <span class='ocrx_word' id='word_1_406' title='bbox 2313 1989 2518 2036; x_wconf 84' lang='lat' dir='ltr'>Vergilium</span> <span class='ocrx_word' id='word_1_407' title='bbox 2543 1991 2628 2026; x_wconf 89' lang='lat' dir='ltr'>illos</span> 
     </span>
     <span class='ocr_line' id='line_1_27' title="bbox 201 2047 2626 2095; baseline 0 -10"><span class='ocrx_word' id='word_1_408' title='bbox 201 2060 328 2086; x_wconf 84' lang='lat' dir='ltr'>versus</span> <span class='ocrx_word' id='word_1_409' title='bbox 353 2049 503 2086; x_wconf 85' lang='lat' dir='ltr'>Horatii</span> <span class='ocrx_word' id='word_1_410' title='bbox 535 2048 686 2085; x_wconf 89' lang='lat' dir='ltr'>lectioni</span> <span class='ocrx_word' id='word_1_411' title='bbox 716 2050 827 2094; x_wconf 90' lang='lat' dir='ltr'>atque</span> <span class='ocrx_word' id='word_1_412' title='bbox 861 2047 1064 2095; x_wconf 83' lang='lat' dir='ltr'>cognitioni</span> <span class='ocrx_word' id='word_1_413' title='bbox 1094 2050 1264 2094; x_wconf 84' lang='lat' dir='ltr'>acceptos</span> <span class='ocrx_word' id='word_1_414' title='bbox 1295 2047 1448 2091; x_wconf 86' lang='lat' dir='ltr'>referre,</span> <span class='ocrx_word' id='word_1_415' title='bbox 1483 2047 1520 2083; x_wconf 91' lang='lat' dir='ltr'>id</span> <span class='ocrx_word' id='word_1_416' title='bbox 1547 2047 1644 2094; x_wconf 92' lang='lat' dir='ltr'>quod</span> <span class='ocrx_word' id='word_1_417' title='bbox 1668 2047 1848 2084; x_wconf 85' lang='lat' dir='ltr'>Martinus</span> <span class='ocrx_word' id='word_1_418' title='bbox 1874 2047 2039 2084; x_wconf 83' lang='lat' dir='ltr'>Hertzius</span> <span class='ocrx_word' id='word_1_419' title='bbox 2066 2048 2124 2093; x_wconf 87' lang='lat' dir='ltr'>(cf.</span> <span class='ocrx_word' id='word_1_420' title='bbox 2151 2048 2327 2085; x_wconf 82' lang='lat' dir='ltr'>Analecta</span> <span class='ocrx_word' id='word_1_421' title='bbox 2354 2049 2400 2085; x_wconf 91' lang='lat' dir='ltr'>ad</span> <span class='ocrx_word' id='word_1_422' title='bbox 2427 2050 2626 2086; x_wconf 81' lang='lat' dir='ltr'>carminum</span> 
     </span>
     <span class='ocr_line' id='line_1_28' title="bbox 200 2104 2628 2153; baseline 0 -9"><span class='ocrx_word' id='word_1_423' title='bbox 200 2108 486 2146; x_wconf 83' lang='lat' dir='ltr'>Horatianorum</span> <span class='ocrx_word' id='word_1_424' title='bbox 503 2108 703 2144; x_wconf 86' lang='lat' dir='ltr'>historiam.</span> <span class='ocrx_word' id='word_1_425' title='bbox 721 2107 751 2143; x_wconf 91' lang='grc' dir='ltr'><strong>Ι.</strong></span> <span class='ocrx_word' id='word_1_426' title='bbox 774 2107 865 2143; x_wconf 90' lang='grc'><strong>1876</strong></span> <span class='ocrx_word' id='word_1_427' title='bbox 884 2118 919 2153; x_wconf 89' lang='lat' dir='ltr'>p.</span> <span class='ocrx_word' id='word_1_428' title='bbox 941 2104 997 2151; x_wconf 81' lang='grc'><strong>17)</strong></span> <span class='ocrx_word' id='word_1_429' title='bbox 1015 2107 1163 2143; x_wconf 88' lang='lat' dir='ltr'>minime</span> <span class='ocrx_word' id='word_1_430' title='bbox 1193 2107 1370 2144; x_wconf 91' lang='lat' dir='ltr'>concedit.</span> <span class='ocrx_word' id='word_1_431' title='bbox 1396 2108 1445 2143; x_wconf 88' lang='lat' dir='ltr'>Et</span> <span class='ocrx_word' id='word_1_432' title='bbox 1461 2110 1559 2143; x_wconf 89' lang='lat' dir='ltr'>recte</span> <span class='ocrx_word' id='word_1_433' title='bbox 1578 2107 1722 2153; x_wconf 87' lang='lat' dir='ltr'>quidem</span> <span class='ocrx_word' id='word_1_434' title='bbox 1741 2108 1795 2142; x_wconf 81' lang='lat' dir='ltr'>vir</span> <span class='ocrx_word' id='word_1_435' title='bbox 1811 2108 2086 2143; x_wconf 87' lang='lat' dir='ltr'>illustrissimus.</span> <span class='ocrx_word' id='word_1_436' title='bbox 2112 2108 2321 2143; x_wconf 87' lang='lat' dir='ltr'>Pendeatne</span> <span class='ocrx_word' id='word_1_437' title='bbox 2339 2119 2423 2144; x_wconf 87' lang='lat' dir='ltr'>vero</span> <span class='ocrx_word' id='word_1_438' title='bbox 2441 2120 2587 2145; x_wconf 76' lang='lat' dir='ltr'>carmen</span> <span class='ocrx_word' id='word_1_439' title='bbox 2605 2109 2628 2145; x_wconf 81' lang='lat'><strong>3</strong></span> 
     </span>
     <span class='ocr_line' id='line_1_29' title="bbox 193 2167 2625 2218; baseline 0 -14"><span class='ocrx_word' id='word_1_440' title='bbox 193 2179 243 2204; x_wconf 73' lang='lat' dir='ltr'>ex</span> <span class='ocrx_word' id='word_1_441' title='bbox 266 2168 489 2215; x_wconf 88' lang='lat' dir='ltr'>Vergilianis</span> <span class='ocrx_word' id='word_1_442' title='bbox 515 2168 589 2204; x_wconf 83' lang='lat' dir='ltr'>illis</span> <span class='ocrx_word' id='word_1_443' title='bbox 616 2167 789 2208; x_wconf 81' lang='lat' dir='ltr'>versibus,</span> <span class='ocrx_word' id='word_1_444' title='bbox 824 2168 899 2218; x_wconf 89' lang='lat' dir='ltr'>hoc</span> <span class='ocrx_word' id='word_1_445' title='bbox 918 2168 1089 2203; x_wconf 86' lang='lat' dir='ltr'>Hertzius</span> <span class='ocrx_word' id='word_1_446' title='bbox 1123 2168 1269 2203; x_wconf 90' lang='lat' dir='ltr'>omnino</span> <span class='ocrx_word' id='word_1_447' title='bbox 1301 2178 1375 2203; x_wconf 91' lang='lat' dir='ltr'>non</span> <span class='ocrx_word' id='word_1_448' title='bbox 1406 2168 1550 2203; x_wconf 84' lang='lat' dir='ltr'>vocavit</span> <span class='ocrx_word' id='word_1_449' title='bbox 1579 2170 1618 2202; x_wconf 93' lang='lat' dir='ltr'>in</span> <span class='ocrx_word' id='word_1_450' title='bbox 1653 2168 1909 2213; x_wconf 87' lang='lat' dir='ltr'>quaestionem.</span> <span class='ocrx_word' id='word_1_451' title='bbox 1958 2167 2150 2212; x_wconf 87' lang='lat' dir='ltr'>Equidem,</span> <span class='ocrx_word' id='word_1_452' title='bbox 2177 2168 2272 2212; x_wconf 92' lang='lat' dir='ltr'>quod</span> <span class='ocrx_word' id='word_1_453' title='bbox 2297 2168 2343 2203; x_wconf 92' lang='lat' dir='ltr'>ad</span> <span class='ocrx_word' id='word_1_454' title='bbox 2368 2174 2625 2214; x_wconf 85' lang='lat' dir='ltr'>argumentum</span> 
     </span>
     <span class='ocr_line' id='line_1_30' title="bbox 199 2226 2625 2275; baseline 0 -9"><span class='ocrx_word' id='word_1_455' title='bbox 199 2228 389 2275; x_wconf 88' lang='lat' dir='ltr'>utriusque</span> <span class='ocrx_word' id='word_1_456' title='bbox 406 2228 478 2265; x_wconf 90' lang='lat' dir='ltr'>loci</span> <span class='ocrx_word' id='word_1_457' title='bbox 503 2227 651 2272; x_wconf 83' lang='lat' dir='ltr'>attinet,</span> <span class='ocrx_word' id='word_1_458' title='bbox 676 2227 729 2264; x_wconf 92' lang='lat' dir='ltr'>sic</span> <span class='ocrx_word' id='word_1_459' title='bbox 755 2229 934 2265; x_wconf 85' lang='lat' dir='ltr'>statuoet</span> <span class='ocrx_word' id='word_1_460' title='bbox 959 2226 1104 2264; x_wconf 86' lang='lat' dir='ltr'>differre</span> <span class='ocrx_word' id='word_1_461' title='bbox 1128 2227 1225 2263; x_wconf 90' lang='lat' dir='ltr'>inter</span> <span class='ocrx_word' id='word_1_462' title='bbox 1251 2238 1329 2263; x_wconf 88' lang='lat' dir='ltr'>sese</span> <span class='ocrx_word' id='word_1_463' title='bbox 1355 2238 1479 2263; x_wconf 88' lang='lat' dir='ltr'>versus</span> <span class='ocrx_word' id='word_1_464' title='bbox 1497 2227 1726 2274; x_wconf 85' lang='lat' dir='ltr'>Vergilianos</span> <span class='ocrx_word' id='word_1_465' title='bbox 1752 2230 1790 2264; x_wconf 86' lang='lat' dir='ltr'>et</span> <span class='ocrx_word' id='word_1_466' title='bbox 1814 2240 1842 2264; x_wconf 90' lang='lat' dir='ltr'>c.</span> <span class='ocrx_word' id='word_1_467' title='bbox 1867 2226 1935 2263; x_wconf 88' lang='lat'><strong>111.</strong></span> <span class='ocrx_word' id='word_1_468' title='bbox 1964 2228 1985 2263; x_wconf 87' lang='lat'><strong>3</strong></span> <span class='ocrx_word' id='word_1_469' title='bbox 2012 2230 2049 2263; x_wconf 90' lang='lat' dir='ltr'>et</span> <span class='ocrx_word' id='word_1_470' title='bbox 2073 2227 2204 2263; x_wconf 90' lang='lat' dir='ltr'>habere</span> <span class='ocrx_word' id='word_1_471' title='bbox 2229 2239 2415 2264; x_wconf 88' lang='lat' dir='ltr'>commune</span> <span class='ocrx_word' id='word_1_472' title='bbox 2441 2228 2625 2274; x_wconf 85' lang='lat' dir='ltr'>quiddam.</span> 
     </span>
     <span class='ocr_line' id='line_1_31' title="bbox 199 2286 2628 2339; baseline 0 -14"><span class='ocrx_word' id='word_1_473' title='bbox 199 2288 337 2339; x_wconf 65' lang='lat' dir='ltr'>Neque</span> <span class='ocrx_word' id='word_1_474' title='bbox 362 2288 456 2324; x_wconf 88' lang='lat' dir='ltr'>enim</span> <span class='ocrx_word' id='word_1_475' title='bbox 490 2288 535 2323; x_wconf 82' lang='lat' dir='ltr'>de</span> <span class='ocrx_word' id='word_1_476' title='bbox 568 2288 724 2323; x_wconf 89' lang='lat' dir='ltr'>Romulo</span> <span class='ocrx_word' id='word_1_477' title='bbox 744 2287 881 2333; x_wconf 89' lang='lat' dir='ltr'>agitur</span> <span class='ocrx_word' id='word_1_478' title='bbox 915 2286 1013 2333; x_wconf 89' lang='lat' dir='ltr'>apud</span> <span class='ocrx_word' id='word_1_479' title='bbox 1045 2287 1265 2333; x_wconf 87' lang='lat' dir='ltr'>Vergilium,</span> <span class='ocrx_word' id='word_1_480' title='bbox 1299 2297 1416 2332; x_wconf 89' lang='lat' dir='ltr'>neque</span> <span class='ocrx_word' id='word_1_481' title='bbox 1442 2287 1586 2328; x_wconf 90' lang='lat' dir='ltr'>eadem,</span> <span class='ocrx_word' id='word_1_482' title='bbox 1621 2298 1713 2332; x_wconf 89' lang='lat' dir='ltr'>quae</span> <span class='ocrx_word' id='word_1_483' title='bbox 1739 2287 1835 2332; x_wconf 90' lang='lat' dir='ltr'>apud</span> <span class='ocrx_word' id='word_1_484' title='bbox 1861 2287 2065 2329; x_wconf 90' lang='lat' dir='ltr'>Horatium,</span> <span class='ocrx_word' id='word_1_485' title='bbox 2101 2287 2287 2323; x_wconf 88' lang='lat' dir='ltr'>interdicit</span> <span class='ocrx_word' id='word_1_486' title='bbox 2322 2287 2424 2324; x_wconf 90' lang='lat' dir='ltr'>Iuno.</span> <span class='ocrx_word' id='word_1_487' title='bbox 2478 2289 2628 2325; x_wconf 87' lang='lat' dir='ltr'>Summa</span> 
     </span>
     <span class='ocr_line' id='line_1_32' title="bbox 197 2346 2627 2394; baseline 0.001 -10"><span class='ocrx_word' id='word_1_488' title='bbox 197 2350 322 2385; x_wconf 87' lang='lat' dir='ltr'>autem</span> <span class='ocrx_word' id='word_1_489' title='bbox 356 2347 532 2385; x_wconf 90' lang='lat' dir='ltr'>orationis</span> <span class='ocrx_word' id='word_1_490' title='bbox 566 2349 603 2384; x_wconf 86' lang='lat' dir='ltr'>et</span> <span class='ocrx_word' id='word_1_491' title='bbox 636 2347 871 2394; x_wconf 87' lang='lat' dir='ltr'>Vergilianae</span> <span class='ocrx_word' id='word_1_492' title='bbox 905 2349 943 2383; x_wconf 90' lang='lat' dir='ltr'>et</span> <span class='ocrx_word' id='word_1_493' title='bbox 974 2346 1199 2383; x_wconf 89' lang='lat' dir='ltr'>Horatianae</span> <span class='ocrx_word' id='word_1_494' title='bbox 1232 2346 1383 2384; x_wconf 89' lang='lat' dir='ltr'>Iunonis</span> <span class='ocrx_word' id='word_1_495' title='bbox 1415 2347 1540 2391; x_wconf 86' lang='lat' dir='ltr'>eadem</span> <span class='ocrx_word' id='word_1_496' title='bbox 1572 2350 1639 2384; x_wconf 93' lang='lat' dir='ltr'>est.</span> <span class='ocrx_word' id='word_1_497' title='bbox 1699 2347 1806 2393; x_wconf 91' lang='lat' dir='ltr'>Apud</span> <span class='ocrx_word' id='word_1_498' title='bbox 1838 2350 2028 2393; x_wconf 90' lang='lat' dir='ltr'>utrumque</span> <span class='ocrx_word' id='word_1_499' title='bbox 2062 2347 2156 2383; x_wconf 90' lang='lat' dir='ltr'>enim</span> <span class='ocrx_word' id='word_1_500' title='bbox 2187 2350 2331 2393; x_wconf 74' lang='lat' dir='ltr'>poetam</span> <span class='ocrx_word' id='word_1_501' title='bbox 2368 2347 2437 2384; x_wconf 88' lang='lat' dir='ltr'>dea</span> <span class='ocrx_word' id='word_1_502' title='bbox 2472 2350 2627 2387; x_wconf 82' lang='lat' dir='ltr'>amicam</span> 
     </span>
     <span class='ocr_line' id='line_1_33' title="bbox 201 2406 2626 2455; baseline 0.001 -11"><span class='ocrx_word' id='word_1_503' title='bbox 201 2408 324 2455; x_wconf 88' lang='lat' dir='ltr'>gentis</span> <span class='ocrx_word' id='word_1_504' title='bbox 356 2408 561 2449; x_wconf 86' lang='lat' dir='ltr'>Romanae,</span> <span class='ocrx_word' id='word_1_505' title='bbox 596 2407 834 2444; x_wconf 87' lang='lat' dir='ltr'>Troianorum</span> <span class='ocrx_word' id='word_1_506' title='bbox 867 2407 1153 2443; x_wconf 86' lang='lat' dir='ltr'>inimicissimam</span> <span class='ocrx_word' id='word_1_507' title='bbox 1184 2418 1222 2443; x_wconf 89' lang='lat' dir='ltr'>se</span> <span class='ocrx_word' id='word_1_508' title='bbox 1254 2407 1459 2453; x_wconf 88' lang='lat' dir='ltr'>profitetur.</span> <span class='ocrx_word' id='word_1_509' title='bbox 1515 2407 1686 2443; x_wconf 85' lang='lat' dir='ltr'>Aeneidis</span> <span class='ocrx_word' id='word_1_510' title='bbox 1719 2406 1852 2443; x_wconf 90' lang='lat' dir='ltr'>librum</span> <span class='ocrx_word' id='word_1_511' title='bbox 1885 2406 2131 2443; x_wconf 89' lang='lat' dir='ltr'>duodecimum</span> <span class='ocrx_word' id='word_1_512' title='bbox 2162 2407 2260 2452; x_wconf 84' lang='lat' dir='ltr'>prius</span> <span class='ocrx_word' id='word_1_513' title='bbox 2295 2410 2481 2444; x_wconf 86' lang='lat' dir='ltr'>exaratum</span> <span class='ocrx_word' id='word_1_514' title='bbox 2513 2409 2626 2446; x_wconf 85' lang='lat' dir='ltr'>fuisse</span> 
     </span>
     <span class='ocr_line' id='line_1_34' title="bbox 197 2463 2627 2519; baseline 0 -15"><span class='ocrx_word' id='word_1_515' title='bbox 197 2478 307 2513; x_wconf 88' lang='lat' dir='ltr'>quam</span> <span class='ocrx_word' id='word_1_516' title='bbox 334 2479 365 2504; x_wconf 90' lang='lat' dir='ltr'>c.</span> <span class='ocrx_word' id='word_1_517' title='bbox 398 2468 466 2504; x_wconf 87' lang='grc' dir='ltr'><strong>ΠΙ.</strong></span> <span class='ocrx_word' id='word_1_518' title='bbox 494 2468 516 2504; x_wconf 88' lang='lat'><strong>3</strong></span> <span class='ocrx_word' id='word_1_519' title='bbox 550 2468 581 2503; x_wconf 93' lang='lat' dir='ltr'>si</span> <span class='ocrx_word' id='word_1_520' title='bbox 614 2468 695 2513; x_wconf 90' lang='lat' dir='ltr'>quis</span> <span class='ocrx_word' id='word_1_521' title='bbox 713 2463 877 2513; x_wconf 68' lang='lat' dir='ltr'>‘planum</span> <span class='ocrx_word' id='word_1_522' title='bbox 911 2467 1040 2503; x_wconf 89' lang='lat' dir='ltr'>fecerit</span> <span class='ocrx_word' id='word_1_523' title='bbox 1070 2466 1281 2519; x_wconf 85' lang='lat' dir='ltr'>certissimis</span> <span class='ocrx_word' id='word_1_524' title='bbox 1307 2467 1547 2512; x_wconf 84' lang='lat' dir='ltr'>argumentis,</span> <span class='ocrx_word' id='word_1_525' title='bbox 1581 2479 1653 2503; x_wconf 90' lang='lat' dir='ltr'>non</span> <span class='ocrx_word' id='word_1_526' title='bbox 1686 2467 1859 2503; x_wconf 86' lang='lat' dir='ltr'>dubitabo</span> <span class='ocrx_word' id='word_1_527' title='bbox 1890 2469 2048 2502; x_wconf 86' lang='lat' dir='ltr'>statuere</span> <span class='ocrx_word' id='word_1_528' title='bbox 2080 2466 2268 2502; x_wconf 85' lang='lat' dir='ltr'>Horatium</span> <span class='ocrx_word' id='word_1_529' title='bbox 2295 2467 2517 2513; x_wconf 89' lang='lat' dir='ltr'>Vergilianis</span> <span class='ocrx_word' id='word_1_530' title='bbox 2550 2470 2627 2505; x_wconf 88' lang='lat' dir='ltr'>illis</span> 
     </span>
     <span class='ocr_line' id='line_1_35' title="bbox 198 2525 2627 2575; baseline 0.002 -13"><span class='ocrx_word' id='word_1_531' title='bbox 198 2526 363 2563; x_wconf 84' lang='lat' dir='ltr'>versibus</span> <span class='ocrx_word' id='word_1_532' title='bbox 389 2527 560 2574; x_wconf 87' lang='lat' dir='ltr'>perlectis</span> <span class='ocrx_word' id='word_1_533' title='bbox 586 2527 783 2573; x_wconf 86' lang='lat' dir='ltr'>impulsum</span> <span class='ocrx_word' id='word_1_534' title='bbox 809 2538 906 2569; x_wconf 88' lang='lat' dir='ltr'>esse,</span> <span class='ocrx_word' id='word_1_535' title='bbox 926 2529 983 2563; x_wconf 82' lang='lat' dir='ltr'>ut</span> <span class='ocrx_word' id='word_1_536' title='bbox 1008 2526 1142 2563; x_wconf 89' lang='lat' dir='ltr'>similia</span> <span class='ocrx_word' id='word_1_537' title='bbox 1167 2526 1345 2573; x_wconf 88' lang='lat' dir='ltr'>quaedam</span> <span class='ocrx_word' id='word_1_538' title='bbox 1370 2529 1557 2573; x_wconf 86' lang='lat' dir='ltr'>pangeret.</span> <span class='ocrx_word' id='word_1_539' title='bbox 1609 2526 1714 2568; x_wconf 90' lang='lat' dir='ltr'>Nam,</span> <span class='ocrx_word' id='word_1_540' title='bbox 1753 2527 2034 2572; x_wconf 85' lang='lat' dir='ltr'>quotiescunque</span> <span class='ocrx_word' id='word_1_541' title='bbox 2072 2525 2320 2562; x_wconf 89' lang='lat' dir='ltr'>similitudinis</span> <span class='ocrx_word' id='word_1_542' title='bbox 2345 2528 2505 2573; x_wconf 85' lang='lat' dir='ltr'>vestigia</span> <span class='ocrx_word' id='word_1_543' title='bbox 2529 2529 2627 2575; x_wconf 89' lang='lat' dir='ltr'>apud</span> 
     </span>
     <span class='ocr_line' id='line_1_36' title="bbox 198 2584 2627 2635; baseline 0.002 -14"><span class='ocrx_word' id='word_1_544' title='bbox 198 2588 393 2633; x_wconf 86' lang='lat' dir='ltr'>utrumque</span> <span class='ocrx_word' id='word_1_545' title='bbox 424 2590 573 2633; x_wconf 67' lang='lat' dir='ltr'>poetam</span> <span class='ocrx_word' id='word_1_546' title='bbox 617 2590 812 2633; x_wconf 88' lang='lat' dir='ltr'>apparent,</span> <span class='ocrx_word' id='word_1_547' title='bbox 861 2587 1021 2622; x_wconf 90' lang='lat' dir='ltr'>mimime</span> <span class='ocrx_word' id='word_1_548' title='bbox 1056 2586 1208 2622; x_wconf 88' lang='lat' dir='ltr'>dubium</span> <span class='ocrx_word' id='word_1_549' title='bbox 1236 2586 1327 2622; x_wconf 91' lang='lat' dir='ltr'>mihi</span> <span class='ocrx_word' id='word_1_550' title='bbox 1359 2586 1521 2627; x_wconf 83' lang='lat' dir='ltr'>videtur,</span> <span class='ocrx_word' id='word_1_551' title='bbox 1554 2587 1642 2632; x_wconf 92' lang='lat' dir='ltr'>quin</span> <span class='ocrx_word' id='word_1_552' title='bbox 1674 2589 1899 2632; x_wconf 88' lang='lat' dir='ltr'>„temporum</span> <span class='ocrx_word' id='word_1_553' title='bbox 1930 2586 2067 2621; x_wconf 88' lang='lat' dir='ltr'>ratione</span> <span class='ocrx_word' id='word_1_554' title='bbox 2101 2584 2227 2621; x_wconf 84' lang='lat' dir='ltr'>habita</span> <span class='ocrx_word' id='word_1_555' title='bbox 2258 2585 2376 2621; x_wconf 87' lang='lat' dir='ltr'>ubivis</span> <span class='ocrx_word' id='word_1_556' title='bbox 2411 2587 2627 2635; x_wconf 87' lang='lat' dir='ltr'>Vergiliana</span> 
     </span>
     <span class='ocr_line' id='line_1_37' title="bbox 197 2645 2626 2694; baseline 0.002 -11"><span class='ocrx_word' id='word_1_557' title='bbox 197 2647 401 2694; x_wconf 84' lang='lat' dir='ltr'>respexerit</span> <span class='ocrx_word' id='word_1_558' title='bbox 434 2647 625 2689; x_wconf 77' lang='lat' dir='ltr'>Horatius,</span> <span class='ocrx_word' id='word_1_559' title='bbox 666 2658 783 2694; x_wconf 90' lang='lat' dir='ltr'>neque</span> <span class='ocrx_word' id='word_1_560' title='bbox 823 2657 865 2684; x_wconf 83' lang='lat' dir='ltr'>ex</span> <span class='ocrx_word' id='word_1_561' title='bbox 905 2647 1086 2684; x_wconf 89' lang='lat' dir='ltr'>contrario</span> <span class='ocrx_word' id='word_1_562' title='bbox 1126 2645 1318 2694; x_wconf 88' lang='lat' dir='ltr'>Vergilius</span> <span class='ocrx_word' id='word_1_563' title='bbox 1343 2646 1580 2683; x_wconf 85' lang='lat' dir='ltr'>Horatiana.“</span> <span class='ocrx_word' id='word_1_564' title='bbox 1611 2647 1654 2683; x_wconf 83' lang='lat' dir='ltr'>cf.</span> <span class='ocrx_word' id='word_1_565' title='bbox 1690 2647 1828 2683; x_wconf 89' lang='lat' dir='ltr'>Hertzii</span> <span class='ocrx_word' id='word_1_566' title='bbox 1866 2648 2093 2683; x_wconf 88' lang='lat' dir='ltr'>commentat.</span> <span class='ocrx_word' id='word_1_567' title='bbox 2132 2656 2166 2691; x_wconf 91' lang='lat' dir='ltr'>p.</span> <span class='ocrx_word' id='word_1_568' title='bbox 2205 2646 2257 2681; x_wconf 89' lang='lat'><strong>16.</strong></span> <span class='ocrx_word' id='word_1_569' title='bbox 2317 2646 2444 2683; x_wconf 87' lang='lat' dir='ltr'>Licere</span> <span class='ocrx_word' id='word_1_570' title='bbox 2479 2649 2626 2694; x_wconf 87' lang='lat' dir='ltr'>quidem</span> 
     </span>
     <span class='ocr_line' id='line_1_38' title="bbox 138 2698 2627 2755; baseline 0.002 -11"><span class='ocrx_word' id='word_1_571' title='bbox 138 2750 140 2753; x_wconf 27' lang='lat'>¹</span> <span class='ocrx_word' id='word_1_572' title='bbox 198 2698 313 2744; x_wconf 71' lang='lat' dir='ltr'>s&#39;tatui</span> <span class='ocrx_word' id='word_1_573' title='bbox 346 2707 503 2755; x_wconf 87' lang='lat' dir='ltr'>Vergilii</span> <span class='ocrx_word' id='word_1_574' title='bbox 542 2719 666 2745; x_wconf 83' lang='lat' dir='ltr'>versus</span> <span class='ocrx_word' id='word_1_575' title='bbox 706 2708 925 2744; x_wconf 86' lang='lat' dir='ltr'>vetustiores</span> <span class='ocrx_word' id='word_1_576' title='bbox 966 2718 1046 2744; x_wconf 87' lang='lat' dir='ltr'>esse</span> <span class='ocrx_word' id='word_1_577' title='bbox 1089 2718 1195 2753; x_wconf 89' lang='lat' dir='ltr'>quam</span> <span class='ocrx_word' id='word_1_578' title='bbox 1229 2719 1258 2744; x_wconf 92' lang='lat' dir='ltr'>c.</span> <span class='ocrx_word' id='word_1_579' title='bbox 1290 2708 1360 2744; x_wconf 93' lang='lat' dir='ltr'>IH.</span> <span class='ocrx_word' id='word_1_580' title='bbox 1395 2708 1418 2745; x_wconf 89' lang='grc'><strong>3</strong></span> <span class='ocrx_word' id='word_1_581' title='bbox 1449 2719 1519 2744; x_wconf 89' lang='lat' dir='ltr'>non</span> <span class='ocrx_word' id='word_1_582' title='bbox 1554 2707 1752 2743; x_wconf 88' lang='lat' dir='ltr'>abnuerim.</span> <span class='ocrx_word' id='word_1_583' title='bbox 1818 2707 1909 2743; x_wconf 87' lang='lat' dir='ltr'>Nam</span> <span class='ocrx_word' id='word_1_584' title='bbox 1943 2707 2012 2742; x_wconf 87' lang='lat' dir='ltr'>iarn</span> <span class='ocrx_word' id='word_1_585' title='bbox 2046 2716 2153 2751; x_wconf 85' lang='lat' dir='ltr'>supra</span> <span class='ocrx_word' id='word_1_586' title='bbox 2184 2707 2306 2741; x_wconf 91' lang='lat' dir='ltr'>monui</span> <span class='ocrx_word' id='word_1_587' title='bbox 2338 2708 2474 2743; x_wconf 87' lang='lat' dir='ltr'>nemini</span> <span class='ocrx_word' id='word_1_588' title='bbox 2507 2709 2627 2748; x_wconf 88' lang='lat' dir='ltr'>adhuc</span> 
     </span>
     <span class='ocr_line' id='line_1_39' title="bbox 195 2765 2626 2815; baseline 0.001 -11"><span class='ocrx_word' id='word_1_589' title='bbox 195 2767 414 2814; x_wconf 87' lang='lat' dir='ltr'>contigisse,</span> <span class='ocrx_word' id='word_1_590' title='bbox 442 2770 484 2803; x_wconf 93' lang='lat' dir='ltr'>ut</span> <span class='ocrx_word' id='word_1_591' title='bbox 509 2779 580 2814; x_wconf 89' lang='lat' dir='ltr'>quo</span> <span class='ocrx_word' id='word_1_592' title='bbox 607 2779 700 2803; x_wconf 87' lang='lat' dir='ltr'>anno</span> <span class='ocrx_word' id='word_1_593' title='bbox 727 2778 756 2803; x_wconf 93' lang='lat' dir='ltr'>c.</span> <span class='ocrx_word' id='word_1_594' title='bbox 782 2767 852 2803; x_wconf 92' lang='lat'><strong>111.</strong></span> <span class='ocrx_word' id='word_1_595' title='bbox 879 2767 903 2803; x_wconf 80' lang='lat'><strong>3</strong></span> <span class='ocrx_word' id='word_1_596' title='bbox 928 2767 1098 2803; x_wconf 89' lang='lat' dir='ltr'>emissum</span> <span class='ocrx_word' id='word_1_597' title='bbox 1124 2768 1183 2809; x_wconf 90' lang='lat' dir='ltr'>sit,</span> <span class='ocrx_word' id='word_1_598' title='bbox 1209 2767 1495 2803; x_wconf 86' lang='lat' dir='ltr'>luculentissime</span> <span class='ocrx_word' id='word_1_599' title='bbox 1521 2767 1796 2803; x_wconf 87' lang='lat' dir='ltr'>demonstraret.</span> <span class='ocrx_word' id='word_1_600' title='bbox 1847 2766 1949 2811; x_wconf 83' lang='lat' dir='ltr'>Quod</span> <span class='ocrx_word' id='word_1_601' title='bbox 1974 2776 2056 2801; x_wconf 87' lang='lat' dir='ltr'>vero</span> <span class='ocrx_word' id='word_1_602' title='bbox 2083 2765 2208 2801; x_wconf 90' lang='lat' dir='ltr'>scribit</span> <span class='ocrx_word' id='word_1_603' title='bbox 2233 2766 2477 2811; x_wconf 77' lang='lat' dir='ltr'>Duentzerus,</span> <span class='ocrx_word' id='word_1_604' title='bbox 2505 2770 2569 2815; x_wconf 89' lang='lat' dir='ltr'>qui</span> <span class='ocrx_word' id='word_1_605' title='bbox 2594 2772 2626 2807; x_wconf 90' lang='lat' dir='ltr'>si</span> 
     </span>
     <span class='ocr_line' id='line_1_40' title="bbox 196 2825 2626 2874; baseline 0.001 -10"><span class='ocrx_word' id='word_1_606' title='bbox 196 2838 356 2874; x_wconf 90' lang='lat' dir='ltr'>unquam</span> <span class='ocrx_word' id='word_1_607' title='bbox 382 2828 530 2873; x_wconf 84' lang='lat' dir='ltr'>putavit</span> <span class='ocrx_word' id='word_1_608' title='bbox 553 2827 779 2865; x_wconf 88' lang='lat' dir='ltr'>intercedere</span> <span class='ocrx_word' id='word_1_609' title='bbox 796 2827 1050 2874; x_wconf 87' lang='lat' dir='ltr'>cognationem</span> <span class='ocrx_word' id='word_1_610' title='bbox 1069 2827 1220 2864; x_wconf 87' lang='lat' dir='ltr'>carmini</span> <span class='ocrx_word' id='word_1_611' title='bbox 1244 2828 1355 2864; x_wconf 90' lang='lat' dir='ltr'>tertio</span> <span class='ocrx_word' id='word_1_612' title='bbox 1381 2839 1462 2865; x_wconf 90' lang='lat' dir='ltr'>cum</span> <span class='ocrx_word' id='word_1_613' title='bbox 1486 2828 1575 2864; x_wconf 87' lang='lat' dir='ltr'>Aen.</span> <span class='ocrx_word' id='word_1_614' title='bbox 1602 2828 1686 2864; x_wconf 84' lang='lat' dir='ltr'><strong>XII.</strong></span> <span class='ocrx_word' id='word_1_615' title='bbox 1705 2827 1773 2863; x_wconf 90' lang='lat'>818</span> <span class='ocrx_word' id='word_1_616' title='bbox 1801 2849 1841 2852; x_wconf 97' lang='lat'><strong>—</strong></span> <span class='ocrx_word' id='word_1_617' title='bbox 1870 2827 1948 2868; x_wconf 85' lang='lat'>828,</span> <span class='ocrx_word' id='word_1_618' title='bbox 1975 2838 2045 2861; x_wconf 92' lang='lat' dir='ltr'>non</span> <span class='ocrx_word' id='word_1_619' title='bbox 2071 2825 2196 2861; x_wconf 85' lang='lat' dir='ltr'>debuit</span> <span class='ocrx_word' id='word_1_620' title='bbox 2221 2838 2365 2862; x_wconf 87' lang='lat' dir='ltr'>carmen</span> <span class='ocrx_word' id='word_1_621' title='bbox 2383 2827 2626 2866; x_wconf 87' lang='lat' dir='ltr'>Horatianum</span> 
     </span>
     <span class='ocr_line' id='line_1_41' title="bbox 197 2885 2626 2937; baseline 0.001 -14"><span class='ocrx_word' id='word_1_622' title='bbox 197 2890 274 2924; x_wconf 84' lang='lat' dir='ltr'>tam</span> <span class='ocrx_word' id='word_1_623' title='bbox 304 2886 504 2924; x_wconf 89' lang='lat' dir='ltr'>reconditis</span> <span class='ocrx_word' id='word_1_624' title='bbox 539 2887 789 2934; x_wconf 89' lang='lat' dir='ltr'>abstrusisque</span> <span class='ocrx_word' id='word_1_625' title='bbox 820 2886 928 2924; x_wconf 88' lang='lat' dir='ltr'>rebus</span> <span class='ocrx_word' id='word_1_626' title='bbox 960 2886 1148 2924; x_wconf 83' lang='lat' dir='ltr'>refercire:</span> <span class='ocrx_word' id='word_1_627' title='bbox 1198 2887 1318 2930; x_wconf 89' lang='lat' dir='ltr'>„Dass</span> <span class='ocrx_word' id='word_1_628' title='bbox 1344 2887 1408 2924; x_wconf 90' lang='lat' dir='ltr'>das</span> <span class='ocrx_word' id='word_1_629' title='bbox 1441 2887 1583 2924; x_wconf 77' lang='lat' dir='ltr'>zwolfte</span> <span class='ocrx_word' id='word_1_630' title='bbox 1607 2887 1711 2923; x_wconf 90' lang='lat' dir='ltr'>Buch</span> <span class='ocrx_word' id='word_1_631' title='bbox 1736 2886 1798 2922; x_wconf 90' lang='lat' dir='ltr'>der</span> <span class='ocrx_word' id='word_1_632' title='bbox 1823 2886 1951 2921; x_wconf 88' lang='lat' dir='ltr'>Aeneis</span> <span class='ocrx_word' id='word_1_633' title='bbox 1985 2885 2032 2920; x_wconf 91' lang='lat' dir='ltr'>im</span> <span class='ocrx_word' id='word_1_634' title='bbox 2058 2885 2092 2921; x_wconf 87' lang='lat' dir='ltr'>J.</span> <span class='ocrx_word' id='word_1_635' title='bbox 2121 2885 2199 2927; x_wconf 87' lang='lat'>731,</span> <span class='ocrx_word' id='word_1_636' title='bbox 2226 2885 2264 2921; x_wconf 92' lang='lat' dir='ltr'>in</span> <span class='ocrx_word' id='word_1_637' title='bbox 2290 2886 2446 2923; x_wconf 83' lang='lat' dir='ltr'>welches</span> <span class='ocrx_word' id='word_1_638' title='bbox 2480 2888 2539 2925; x_wconf 89' lang='lat' dir='ltr'>die</span> <span class='ocrx_word' id='word_1_639' title='bbox 2564 2889 2626 2937; x_wconf 84' lang='lat' dir='ltr'>be-</span> 
     </span>
     <span class='ocr_line' id='line_1_42' title="bbox 196 2945 2625 2994; baseline 0.001 -12"><span class='ocrx_word' id='word_1_640' title='bbox 196 2946 375 2983; x_wconf 85' lang='lat' dir='ltr'>treffende</span> <span class='ocrx_word' id='word_1_641' title='bbox 407 2946 485 2983; x_wconf 89' lang='lat' dir='ltr'>Ode</span> <span class='ocrx_word' id='word_1_642' title='bbox 518 2947 622 2989; x_wconf 74' lang='lat' dir='ltr'>fallt,</span> <span class='ocrx_word' id='word_1_643' title='bbox 656 2947 793 2984; x_wconf 89' lang='lat' dir='ltr'>bereits</span> <span class='ocrx_word' id='word_1_644' title='bbox 818 2958 859 2983; x_wconf 89' lang='lat' dir='ltr'>so</span> <span class='ocrx_word' id='word_1_645' title='bbox 894 2947 981 2983; x_wconf 82' lang='lat' dir='ltr'>weit</span> <span class='ocrx_word' id='word_1_646' title='bbox 1011 2947 1303 2994; x_wconf 86' lang='lat' dir='ltr'>vorgeschritten</span> <span class='ocrx_word' id='word_1_647' title='bbox 1337 2948 1411 2984; x_wconf 91' lang='lat' dir='ltr'>und</span> <span class='ocrx_word' id='word_1_648' title='bbox 1445 2948 1526 2984; x_wconf 91' lang='lat' dir='ltr'>dem</span> <span class='ocrx_word' id='word_1_649' title='bbox 1558 2948 1645 2983; x_wconf 88' lang='lat' dir='ltr'>Hor.</span> <span class='ocrx_word' id='word_1_650' title='bbox 1679 2946 1839 2983; x_wconf 85' lang='lat' dir='ltr'>bekannt</span> <span class='ocrx_word' id='word_1_651' title='bbox 1863 2956 2044 2992; x_wconf 87' lang='lat' dir='ltr'>gewesen‚</span> <span class='ocrx_word' id='word_1_652' title='bbox 2078 2945 2127 2980; x_wconf 90' lang='lat' dir='ltr'>ist</span> <span class='ocrx_word' id='word_1_653' title='bbox 2152 2945 2254 2981; x_wconf 88' lang='lat' dir='ltr'>nicht</span> <span class='ocrx_word' id='word_1_654' title='bbox 2279 2946 2580 2985; x_wconf 81' lang='lat' dir='ltr'>wahrscheinlich</span> <span class='ocrx_word' id='word_1_655' title='bbox 2593 2954 2625 2993; x_wconf 79' lang='lat'>,⁶⁴</span> 
     </span>
     <span class='ocr_line' id='line_1_43' title="bbox 197 3005 2622 3059; baseline 0.001 -15"><span class='ocrx_word' id='word_1_656' title='bbox 197 3007 266 3044; x_wconf 88' lang='lat' dir='ltr'>hoc</span> <span class='ocrx_word' id='word_1_657' title='bbox 290 3018 364 3043; x_wconf 89' lang='lat' dir='ltr'>non</span> <span class='ocrx_word' id='word_1_658' title='bbox 388 3006 490 3054; x_wconf 88' lang='lat' dir='ltr'>prius</span> <span class='ocrx_word' id='word_1_659' title='bbox 517 3007 722 3045; x_wconf 83' lang='lat' dir='ltr'>desinemus</span> <span class='ocrx_word' id='word_1_660' title='bbox 740 3005 984 3044; x_wconf 82' lang='lat' dir='ltr'>commentum</span> <span class='ocrx_word' id='word_1_661' title='bbox 1009 3007 1151 3059; x_wconf 84' lang='lat' dir='ltr'>ducere,</span> <span class='ocrx_word' id='word_1_662' title='bbox 1178 3018 1286 3055; x_wconf 90' lang='lat' dir='ltr'>quam</span> <span class='ocrx_word' id='word_1_663' title='bbox 1311 3008 1539 3056; x_wconf 83' lang='lat' dir='ltr'>gravioribus</span> <span class='ocrx_word' id='word_1_664' title='bbox 1564 3007 1783 3046; x_wconf 85' lang='lat' dir='ltr'>testimoniis</span> <span class='ocrx_word' id='word_1_665' title='bbox 1817 3006 1871 3042; x_wconf 84' lang='lat' dir='ltr'>vir</span> <span class='ocrx_word' id='word_1_666' title='bbox 1897 3005 2022 3042; x_wconf 87' lang='lat' dir='ltr'>doctus</span> <span class='ocrx_word' id='word_1_667' title='bbox 2049 3005 2325 3050; x_wconf 86' lang='lat' dir='ltr'>confirmaverit,</span> <span class='ocrx_word' id='word_1_668' title='bbox 2353 3018 2417 3044; x_wconf 87' lang='lat' dir='ltr'>cur</span> <span class='ocrx_word' id='word_1_669' title='bbox 2442 3019 2536 3045; x_wconf 88' lang='lat' dir='ltr'>anno</span> <span class='ocrx_word' id='word_1_670' title='bbox 2557 3011 2622 3046; x_wconf 87' lang='lat'>731</span> 
     </span>
     <span class='ocr_line' id='line_1_44' title="bbox 197 3059 2626 3112; baseline 0.001 -8"><span class='ocrx_word' id='word_1_671' title='bbox 197 3078 342 3104; x_wconf 89' lang='lat' dir='ltr'>carmen</span> <span class='ocrx_word' id='word_1_672' title='bbox 366 3067 438 3104; x_wconf 91' lang='lat'>111.</span> <span class='ocrx_word' id='word_1_673' title='bbox 464 3068 486 3104; x_wconf 89' lang='lat'><strong>3</strong></span> <span class='ocrx_word' id='word_1_674' title='bbox 513 3068 683 3104; x_wconf 87' lang='lat' dir='ltr'>emissum</span> <span class='ocrx_word' id='word_1_675' title='bbox 709 3068 777 3109; x_wconf 90' lang='lat' dir='ltr'>sit,</span> <span class='ocrx_word' id='word_1_676' title='bbox 813 3079 876 3104; x_wconf 90' lang='lat' dir='ltr'>cur</span> <span class='ocrx_word' id='word_1_677' title='bbox 900 3070 980 3105; x_wconf 89' lang='lat' dir='ltr'>tum</span> <span class='ocrx_word' id='word_1_678' title='bbox 1012 3066 1107 3104; x_wconf 90' lang='lat' dir='ltr'>liber</span> <span class='ocrx_word' id='word_1_679' title='bbox 1131 3067 1303 3104; x_wconf 87' lang='lat' dir='ltr'>Aeneidis</span> <span class='ocrx_word' id='word_1_680' title='bbox 1338 3059 1751 3105; x_wconf 83' lang='lat' dir='ltr'>duodecimusnondum</span> <span class='ocrx_word' id='word_1_681' title='bbox 1776 3066 1885 3102; x_wconf 84' lang='lat' dir='ltr'>fuerit</span> <span class='ocrx_word' id='word_1_682' title='bbox 1909 3065 2114 3108; x_wconf 89' lang='lat' dir='ltr'>absolutus;</span> <span class='ocrx_word' id='word_1_683' title='bbox 2147 3065 2264 3102; x_wconf 89' lang='lat' dir='ltr'>adhuc</span> <span class='ocrx_word' id='word_1_684' title='bbox 2289 3067 2497 3112; x_wconf 87' lang='lat' dir='ltr'>opinionem</span> <span class='ocrx_word' id='word_1_685' title='bbox 2523 3081 2626 3106; x_wconf 89' lang='lat' dir='ltr'>suam</span> 
     </span>
     <span class='ocr_line' id='line_1_45' title="bbox 197 3126 2626 3176; baseline 0.001 -11"><span class='ocrx_word' id='word_1_686' title='bbox 197 3128 299 3166; x_wconf 88' lang='lat' dir='ltr'>nulla</span> <span class='ocrx_word' id='word_1_687' title='bbox 324 3128 470 3165; x_wconf 85' lang='lat' dir='ltr'>omnino</span> <span class='ocrx_word' id='word_1_688' title='bbox 495 3139 538 3165; x_wconf 64' lang='lat' dir='ltr'>re&gt;</span> <span class='ocrx_word' id='word_1_689' title='bbox 559 3127 740 3175; x_wconf 89' lang='lat' dir='ltr'>probavit.</span> <span class='ocrx_word' id='word_1_690' title='bbox 785 3128 922 3176; x_wconf 22' lang='lat' dir='ltr'>*Quoad</span> <span class='ocrx_word' id='word_1_691' title='bbox 946 3130 1069 3166; x_wconf 86' lang='lat' dir='ltr'>autem</span> <span class='ocrx_word' id='word_1_692' title='bbox 1094 3139 1167 3165; x_wconf 89' lang='lat' dir='ltr'>non</span> <span class='ocrx_word' id='word_1_693' title='bbox 1191 3128 1393 3173; x_wconf 87' lang='lat' dir='ltr'>constabit,</span> <span class='ocrx_word' id='word_1_694' title='bbox 1426 3132 1508 3166; x_wconf 90' lang='lat' dir='ltr'>uter</span> <span class='ocrx_word' id='word_1_695' title='bbox 1531 3131 1643 3176; x_wconf 72' lang='lat' dir='ltr'>poeta</span> <span class='ocrx_word' id='word_1_696' title='bbox 1674 3128 1772 3175; x_wconf 90' lang='lat' dir='ltr'>prior</span> <span class='ocrx_word' id='word_1_697' title='bbox 1804 3126 1952 3164; x_wconf 89' lang='lat' dir='ltr'>Iunonis</span> <span class='ocrx_word' id='word_1_698' title='bbox 1978 3126 2179 3163; x_wconf 88' lang='lat' dir='ltr'>orationem</span> <span class='ocrx_word' id='word_1_699' title='bbox 2204 3126 2418 3171; x_wconf 78' lang='lat' dir='ltr'>confecerit,</span> <span class='ocrx_word' id='word_1_700' title='bbox 2455 3130 2626 3168; x_wconf 86' lang='lat' dir='ltr'>minimae</span> 
     </span>
     <span class='ocr_line' id='line_1_46' title="bbox 197 3186 2627 3242; baseline 0.001 -16"><span class='ocrx_word' id='word_1_701' title='bbox 197 3189 269 3226; x_wconf 87' lang='lat' dir='ltr'>erit</span> <span class='ocrx_word' id='word_1_702' title='bbox 298 3188 461 3226; x_wconf 84' lang='lat' dir='ltr'>levi-tatis</span> <span class='ocrx_word' id='word_1_703' title='bbox 496 3191 659 3226; x_wconf 87' lang='lat' dir='ltr'>statuere</span> <span class='ocrx_word' id='word_1_704' title='bbox 691 3191 885 3236; x_wconf 88' lang='lat' dir='ltr'>utrumque</span> <span class='ocrx_word' id='word_1_705' title='bbox 909 3188 968 3242; x_wconf 71' lang='lat' dir='ltr'>id,</span> <span class='ocrx_word' id='word_1_706' title='bbox 1003 3189 1101 3236; x_wconf 90' lang='lat' dir='ltr'>quod</span> <span class='ocrx_word' id='word_1_707' title='bbox 1132 3189 1229 3236; x_wconf 89' lang='lat' dir='ltr'>apud</span> <span class='ocrx_word' id='word_1_708' title='bbox 1261 3190 1418 3226; x_wconf 88' lang='lat' dir='ltr'>Ennium</span> <span class='ocrx_word' id='word_1_709' title='bbox 1449 3190 1660 3237; x_wconf 86' lang='lat' dir='ltr'>cognoverit</span> <span class='ocrx_word' id='word_1_710' title='bbox 1692 3210 1736 3215; x_wconf 93' lang='lat'>—</span> <span class='ocrx_word' id='word_1_711' title='bbox 1767 3188 1900 3225; x_wconf 91' lang='lat' dir='ltr'>etenim</span> <span class='ocrx_word' id='word_1_712' title='bbox 1934 3186 1992 3223; x_wconf 90' lang='lat' dir='ltr'>hic</span> <span class='ocrx_word' id='word_1_713' title='bbox 2027 3198 2169 3234; x_wconf 91' lang='lat' dir='ltr'>quoque</span> <span class='ocrx_word' id='word_1_714' title='bbox 2202 3187 2305 3224; x_wconf 89' lang='lat' dir='ltr'>deam</span> <span class='ocrx_word' id='word_1_715' title='bbox 2338 3188 2429 3226; x_wconf 78' lang='lat' dir='ltr'>facit</span> <span class='ocrx_word' id='word_1_716' title='bbox 2454 3191 2627 3228; x_wconf 86' lang='lat' dir='ltr'>Romanis</span> 
     </span>
    </p>
   </div>
   <div class='ocr_carea' id='block_1_9' title="bbox 129 3246 2629 3298">
    <p class='ocr_par' dir='ltr' id='par_1_9' title="bbox 129 3246 2629 3298">
     <span class='ocr_line' id='line_1_47' title="bbox 129 3246 2629 3298; baseline 0.001 -13"><span class='ocrx_word' id='word_1_717' title='bbox 129 3250 132 3253; x_wconf 82' lang='grc'><strong>’</strong></span> <span class='ocrx_word' id='word_1_718' title='bbox 194 3260 300 3287; x_wconf 86' lang='lat' dir='ltr'>suam</span> <span class='ocrx_word' id='word_1_719' title='bbox 333 3249 501 3286; x_wconf 88' lang='lat' dir='ltr'>iniuriam</span> <span class='ocrx_word' id='word_1_720' title='bbox 541 3247 701 3296; x_wconf 87' lang='lat' dir='ltr'>benigne</span> <span class='ocrx_word' id='word_1_721' title='bbox 735 3251 773 3286; x_wconf 88' lang='lat' dir='ltr'>et</span> <span class='ocrx_word' id='word_1_722' title='bbox 810 3248 1013 3287; x_wconf 83' lang='lat' dir='ltr'>liberaliter</span> <span class='ocrx_word' id='word_1_723' title='bbox 1053 3249 1335 3291; x_wconf 87' lang='lat' dir='ltr'>condonantem,</span> <span class='ocrx_word' id='word_1_724' title='bbox 1370 3252 1585 3297; x_wconf 88' lang='lat' dir='ltr'>perpetuum</span> <span class='ocrx_word' id='word_1_725' title='bbox 1619 3249 1739 3286; x_wconf 91' lang='lat' dir='ltr'>odium</span> <span class='ocrx_word' id='word_1_726' title='bbox 1772 3259 1813 3285; x_wconf 90' lang='lat' dir='ltr'>ac</span> <span class='ocrx_word' id='word_1_727' title='bbox 1843 3249 1982 3294; x_wconf 86' lang='lat' dir='ltr'>pestem</span> <span class='ocrx_word' id='word_1_728' title='bbox 2017 3246 2184 3283; x_wconf 86' lang='lat' dir='ltr'>Troianis</span> <span class='ocrx_word' id='word_1_729' title='bbox 2215 3248 2446 3286; x_wconf 82' lang='lat' dir='ltr'>minitantem</span> <span class='ocrx_word' id='word_1_730' title='bbox 2483 3272 2525 3277; x_wconf 96' lang='lat'><strong>—</strong></span> <span class='ocrx_word' id='word_1_731' title='bbox 2558 3263 2629 3298; x_wconf 90' lang='lat' dir='ltr'>pro</span> 
     </span>
    </p>
   </div>
   <div class='ocr_carea' id='block_1_10' title="bbox 191 3306 2175 3429">
    <p class='ocr_par' dir='ltr' id='par_1_10' title="bbox 191 3306 2175 3429">
     <span class='ocr_line' id='line_1_48' title="bbox 191 3306 2175 3357; baseline -0.002 -10"><span class='ocrx_word' id='word_1_732' title='bbox 191 3312 327 3356; x_wconf 69' lang='lat' dir='ltr'>suopte</span> <span class='ocrx_word' id='word_1_733' title='bbox 351 3310 500 3357; x_wconf 82' lang='lat' dir='ltr'>ingenio</span> <span class='ocrx_word' id='word_1_734' title='bbox 526 3319 663 3355; x_wconf 89' lang='lat' dir='ltr'>suoque</span> <span class='ocrx_word' id='word_1_735' title='bbox 689 3320 799 3346; x_wconf 89' lang='lat' dir='ltr'>sensu</span> <span class='ocrx_word' id='word_1_736' title='bbox 822 3309 876 3345; x_wconf 89' lang='lat' dir='ltr'>ibi</span> <span class='ocrx_word' id='word_1_737' title='bbox 900 3310 1085 3347; x_wconf 89' lang='lat' dir='ltr'>imitatum</span> <span class='ocrx_word' id='word_1_738' title='bbox 1109 3321 1198 3353; x_wconf 88' lang='lat' dir='ltr'>esse,</span> <span class='ocrx_word' id='word_1_739' title='bbox 1225 3309 1288 3346; x_wconf 90' lang='lat' dir='ltr'>ubi</span> <span class='ocrx_word' id='word_1_740' title='bbox 1314 3321 1436 3346; x_wconf 89' lang='lat' dir='ltr'>eorum</span> <span class='ocrx_word' id='word_1_741' title='bbox 1462 3310 1607 3355; x_wconf 89' lang='lat' dir='ltr'>utrique</span> <span class='ocrx_word' id='word_1_742' title='bbox 1633 3308 1956 3346; x_wconf 88' lang='lat' dir='ltr'>commodissimum</span> <span class='ocrx_word' id='word_1_743' title='bbox 1982 3306 2175 3344; x_wconf 87' lang='lat' dir='ltr'>videretur.</span> 
     </span>
     <span class='ocr_line' id='line_1_49' title="bbox 415 3381 1056 3429; baseline 0 -11"><span class='ocrx_word' id='word_1_744' title='bbox 415 3384 440 3429; x_wconf 91' lang='lat'>¹)</span> <span class='ocrx_word' id='word_1_745' title='bbox 465 3382 490 3418; x_wconf 94' lang='lat' dir='ltr'><strong>l.</strong></span> <span class='ocrx_word' id='word_1_746' title='bbox 515 3381 540 3418; x_wconf 86' lang='lat' dir='ltr'>l.</span> <span class='ocrx_word' id='word_1_747' title='bbox 566 3393 601 3428; x_wconf 91' lang='lat' dir='ltr'>p.</span> <span class='ocrx_word' id='word_1_748' title='bbox 627 3382 708 3419; x_wconf 82' lang='lat'><strong>407.</strong></span> <span class='ocrx_word' id='word_1_749' title='bbox 758 3382 787 3428; x_wconf 87' lang='lat'>²)</span> <span class='ocrx_word' id='word_1_750' title='bbox 813 3381 838 3417; x_wconf 91' lang='lat' dir='ltr'><strong>l.</strong></span> <span class='ocrx_word' id='word_1_751' title='bbox 862 3381 888 3418; x_wconf 87' lang='lat'><strong>1.</strong></span> <span class='ocrx_word' id='word_1_752' title='bbox 913 3392 949 3428; x_wconf 88' lang='lat' dir='ltr'>p.</span> <span class='ocrx_word' id='word_1_753' title='bbox 974 3382 1056 3419; x_wconf 80' lang='lat'><strong>402.</strong></span> 
     </span>
    </p>
   </div>
   <div class='ocr_carea' id='block_1_11' title="bbox 2880 3583 2920 3717">
    <p class='ocr_par' dir='ltr' id='par_1_11' title="bbox 2880 3583 2920 3717">
     <span class='ocr_line' id='line_1_50' title="bbox 2880 3583 2920 3717; textangle 90"><span class='ocrx_word' id='word_1_754' title='bbox 2880 3606 2920 3717; x_wconf 36' lang='lat' dir='ltr'>bsjviyjf·</span> <span class='ocrx_word' id='word_1_755' title='bbox 2882 3583 2890 3590; x_wconf 67' lang='lat'><em>*</em></span> 
     </span>
    </p>
   </div>
  </div>
 </body>
</html>
