2920 3717
1372 187 1447 231 31.

350 382 351 385 Ἴ
442 292 588 372 Reque
626 328 720 359 vero
761 329 842 359 non
862 303 1138 360 'vehementer
1174 316 1304 360 officit
1344 329 1441 361 suae
1480 318 1805 374 interpretationi
1835 317 2025 361 Struvius
2062 317 2150 372 ipse
2193 316 2273 359 hac
2308 328 2369 367 re,
2405 315 2515 370 quod
2553 314 2656 358 dicit

161 420 163 422 -
217 386 405 438 winen-
421 388 500 433 111.
533 389 560 434 3
591 388 684 432 arte
711 387 924 431 cohaerere
964 399 1060 431 cum
1079 387 1226 432 ceteris
1245 387 1436 444 quinque.
1497 391 1595 435 Esse
1614 390 1657 434 in
1679 389 1856 434 carmine
1877 389 2090 445 quaedam,
2122 401 2229 444 quae
2258 386 2389 444 lyrica
2409 386 2655 442 appellanda

220 459 325 513 sint,
355 472 437 505 non
466 472 586 517 nego,
627 458 699 503 sed
734 460 824 503 tam
853 470 986 514 pauca
1015 459 1124 511 sunt,
1162 459 1211 503 ut
1249 459 1358 503 inter
1386 460 1463 505 hoc
1500 475 1674 514 carmen,
1713 461 1780 505 cui
1819 460 1902 505 Str.
1944 461 2009 504 vel
2049 460 2277 516 principem
2314 459 2454 503 locum
2490 457 2652 508 tribuit,

229 604 408 651 mortem
439 601 616 660 Vergilii
645 601 851 646 existimet
881 614 1044 646 carmen
1074 601 1244 646 tertium
1272 601 1428 646 editum
1459 616 1564 656 esse,
1595 605 1702 660 quod
1734 618 1804 648 cur
1834 604 2076 648 sumendum
2115 604 2188 655 sit,
2220 616 2368 659 parum
2399 601 2655 658 probabilem

219 671 348 734 affert
375 674 600 727 rationem,
638 674 776 718 omnia
804 687 874 718 sex
904 673 1103 726 carmina,
1143 675 1293 730 quippe
1330 686 1433 729 quae
1471 675 1507 718 ei
1536 676 1749 720 videantur
1785 677 1891 720 inter
1921 689 1964 719 se
1995 689 2162 728 conexa,
2200 688 2279 718 non
2311 675 2424 730 prius
2455 686 2582 730 quam
2613 685 2652 716 a.

227 747 252 789 7
258 746 316 791 35
347 745 510 803 scripta„
533 759 619 791 esse
649 747 833 803 possunt.
897 745 1178 790 consideranti
1208 746 1350 790 autem
1380 745 1492 795 mihi,
1524 760 1647 802 quam
1684 748 1826 791 acerbe
1856 748 2051 791 Horatius
2081 748 2123 790 in
2154 749 2266 791 sexto
2298 746 2477 790 carmine
2513 758 2652 801 repre·

227 817 380 863 hendat
409 820 535 876 atque
566 819 745 877 castiget
779 818 911 863 vitam
941 818 1220 864 Romanorum
1260 817 1470 870 incestam,
1509 832 1630 875 quam
1668 820 1847 876 graviter
1885 822 2025 876 carpat
2053 821 2311 876 impietatem
2342 818 2504 874 aliaque
2534 817 2651 868 vitia,

229 904 394 936 carmen
423 893 584 936 sextum
614 892 728 936 nullo
757 893 878 948 pacto
916 891 1078 935 videtur
1117 890 1242 934 scribi
1278 890 1462 946 potuisse
1499 904 1600 934 anno
1639 893 1723 935 735
1766 892 1832 934 vel
1866 894 2018 947 postea.
2080 893 2170 935 Illis
2213 892 2322 935 enim
2363 890 2616 946 temporibus
2626 893 2652 940 1)

220 959 426 1009 Horatius
457 965 542 1009 iam
572 978 653 1009 non
682 966 773 1009 tam
803 964 973 1008 acerbus
1004 963 1229 1020 castigator
1260 974 1477 1017 censorque
1517 977 1676 1007 morum
1707 963 1882 1014 exstitit;
1921 978 1999 1008 non
2034 965 2230 1008 efferebat
2260 964 2331 1007 ille
2362 963 2529 1018 quidem
2559 965 2653 1006 tum

226 1036 400 1082 summis
443 1036 635 1081 laudibus
665 1036 944 1081 Romanorum
982 1046 1130 1087 mores,
1168 1033 1240 1078 sed
1277 1032 1493 1078 confitetur
1531 1036 1684 1078 emotas
1726 1047 1812 1078 esse
1853 1035 1991 1091 culpas
2029 1036 2192 1092 iamque
2232 1035 2416 1091 priscum
2453 1033 2652 1090 pudorem

227 1107 358 1152 redire
389 1108 551 1152 audere.

445 1179 589 1223 Nihilo
619 1192 715 1222 vero
746 1178 883 1221 minus
913 1178 1021 1221 inest
1057 1177 1100 1220 in
1130 1176 1286 1220 Struvii
1326 1178 1675 1229 commentatione,
1718 1179 1825 1232 quod
1866 1179 2017 1221 siccum
2049 1193 2096 1222 ac
2127 1192 2274 1222 sanum
2304 1178 2415 1220 haud
2447 1177 2653 1219 immerito

229 1252 286 1297 sit
326 1251 630 1310 appellandum.
700 1251 841 1307 Atque
870 1250 971 1294 haec
1007 1249 1100 1294 laus
1135 1249 1174 1293 ei
1211 1249 1374 1305 praeter
1405 1251 1558 1292 ceteras
1606 1250 1794 1294 carminis
1839 1251 1950 1294 tertii
1990 1251 2275 1306 explicationes
2288 1284 2298 1303 ,
2339 1262 2440 1305 quas
2487 1248 2653 1305 quidem

230 1324 504 1381 cognoverim,
548 1323 635 1366 iure
676 1323 858 1366 debetur.
921 1321 1047 1365 Haud
1087 1321 1250 1364 infirma
1291 1321 1400 1363 enim
1445 1332 1541 1365 suae
1578 1322 1899 1376 interpretationi
1949 1323 2239 1366 existimandus
2277 1324 2341 1365 est
2387 1322 2654 1364 fundamenta

223 1397 372 1440 ‘iecisse
403 1395 608 1443 Struvius.
641 1397 784 1450 utpote
804 1395 876 1449 qui
902 1394 946 1437 id
966 1393 1142 1437 maxime
1161 1393 1420 1444 laboraverit,
1453 1394 1652 1447 quomodo
1683 1395 1999 1448 explanationem
2030 1395 2220 1438 carminis
2252 1395 2305 1437 ad
2334 1394 2500 1437 Horatii
2530 1394 2655 1436 verba

230 1467 493 1525 potissimum
514 1466 853 1512 accommodaret.
892 1465 957 1511 Ac
977 1464 1157 1522 profecto
1179 1477 1259 1521 quo
1290 1464 1426 1509 minus
1447 1464 1619 1509 rimatus
1641 1467 1703 1509 est
1737 1479 1800 1509 res
1821 1465 2020 1511 involutas
2050 1479 2097 1510 ac
2118 1467 2305 1518 latentes,
2339 1479 2385 1509 eo
2417 1465 2510 1521 plus
2531 1464 2654 1509 solidi

231 1540 401 1585 invenit.
464 1539 585 1584 Licet
625 1539 702 1583 hoc
739 1538 926 1596 intellegi
966 1538 1095 1582 etiam
1131 1549 1179 1581 ex
1223 1536 1395 1581 ultimae
1431 1537 1620 1593 strophae
1663 1537 1916 1591 enodatione,
1956 1551 2058 1594 quae
2096 1550 2347 1594 quamquam
2384 1550 2530 1580 manca
2569 1540 2650 1588 est,

226 1613 419 1657 declarat
438 1613 578 1656 tamen
599 1611 812 1656 Struvium
832 1611 933 1654 bene
954 1622 1054 1654 sana
1072 1609 1309 1653 illustrandi
1329 1609 1520 1653 carminis
1540 1609 1695 1652 ratione
1715 1622 1833 1655 usum
1853 1610 1998 1653 melius
2018 1623 2117 1663 rem,
2139 1612 2187 1654 ut
2207 1610 2336 1661 aiunt,
2369 1622 2446 1652 acu
2467 1608 2655 1665 tetigisse

230 1685 315 1729 illis
334 1684 640 1740 interpretibus,
679 1684 828 1739 quibus
850 1682 1010 1738 quidvis
1030 1681 1222 1725 idoneum
1242 1681 1431 1725 videatur
1460 1681 1513 1724 ad
1532 1681 1819 1725 illuminandas
1840 1682 2104 1726 obscuritates
2125 1681 2473 1737 amphiboliasque
2494 1680 2655 1723 affictas

227 1756 426 1801 videlicet
455 1755 640 1800 Horatio.

0 784 16 823 ἓ
25 802 47 822 ψ.

0 819 41 856 ἐξ·-

0 922 26 959 r

0 1022 22 1043 r»,
54 1035 57 1037 .

0 1063 19 1098 ..ἱ

11 1114 16 1122 ,

468 1886 596 1953 Haec
626 1906 764 1955 habui.
797 1918 900 1962 quae
931 1906 974 1949 et
1005 1904 1055 1949 de
1085 1904 1210 1949 tertio
1231 1904 1411 1948 carmine
1442 1903 1617 1947 dicerem
1653 1904 1696 1946 et
1714 1903 2007 1958 praemunirem
2028 1902 2151 1945 simul
2171 1902 2348 1957 reliquae
2370 1901 2655 1957 disputationi.

233 1979 312 2025 His
343 1979 443 2023 dum
476 1991 576 2035 paro
607 1978 829 2036 adiungere
859 1977 895 2021 si
925 1989 1005 2021 non
1035 1977 1185 2030 omnia,
1217 1989 1322 2033 quae
1352 1975 1455 2020 mihi
1496 1975 1658 2019 edolata
1696 1977 1792 2018 sunt
1832 1975 1880 2018 de
1919 1974 2124 2030 proposita
2161 1973 2411 2029 quaestione,
2456 1974 2501 2016 at
2532 1976 2655 2025 certe,

233 2065 339 2108 quae
370 2052 420 2096 de
451 2052 599 2108 quarto
631 2051 809 2094 carmine
840 2050 1005 2094 exarata
1033 2049 1169 2093 iacent
1198 2048 1241 2092 in
1271 2048 1374 2092 meis
1406 2048 1548 2103 capsis,
1587 2047 1720 2090 nescio
1759 2060 1878 2102 quem
1918 2046 2158 2089 monitorem
2196 2045 2337 2088 audire
2367 2045 2507 2088 videor
2543 2046 2659 2088 insu-

234 2125 465 2167 surrantem
497 2123 600 2166 mihi
629 2122 904 2165 Horatianum
934 2121 1058 2163 illud:
1095 2120 1210 2173 „Iam
1241 2120 1343 2163 satis
1382 2121 1490 2170 est;“
1525 2132 1620 2174 ergo
1655 2119 1848 2168 „verbum
1878 2131 1955 2160 non
1985 2118 2158 2172 amplius
2189 2117 2378 2159 addam.“

454 2367 480 2407 ι)
495 2330 539 2398 18.
568 2361 637 2398 736
663 2360 857 2397 Horatium
883 2371 963 2396 cum
989 2358 1062 2395 alia
1079 2357 1240 2395 carmina
1263 2359 1342 2393 tum
1368 2367 1397 2393 c.
1425 2355 1493 2393 111.
1520 2356 1541 2392 3
1567 2355 1729 2391 emisisse
1755 2355 1947 2392 Straviana
1971 2354 2268 2400 interpretatione
2294 2354 2351 2390 vel
2377 2355 2530 2391 maxime
2557 2355 2659 2391 nisus

228 2423 424 2460 contendit
456 2421 744 2460 Feldbauschius
773 2420 834 2467 (cf.
875 2419 920 2456 de
954 2418 1108 2456 Horatio
1142 2429 1214 2454 non
1255 2417 1456 2453 adulatore.
1506 2415 1727 2462 Heidelberg
1769 2416 1858 2452 1839
1890 2426 1925 2461 p.
1950 2416 2021 2461 40),
2055 2414 2149 2460 quod
2174 2417 2333 2451 statuere
2359 2415 2417 2451 vel
2442 2416 2565 2461 potius
2590 2426 2658 2462 pro

229 2486 336 2521 ‘certo
362 2483 543 2520 affirmare
570 2484 728 2529 quantae
754 2481 804 2517 sit
827 2480 990 2517 levitatis
1016 2478 1139 2516 docuit
1165 2477 1372 2514 Teuffelius.
1397 2489 1430 2513 v.
1455 2477 1571 2514 Jabns
1596 2475 1722 2512 Jahrb.
1751 2476 1842 2512 1840
1866 2487 1899 2521 p.
1927 2476 2005 2512 334.

1327 2814 1562 2859 Errata.

453 2938 489 2973 p.
540 2927 561 2961 2
586 2926 650 2961 lin.
677 2926 699 2960 2
725 2924 770 2960 ab
796 2924 967 2960 inferiore
991 2925 1097 2969 parte
1127 2922 1323 2969 legendum
1349 2926 1405 2957 est
1429 2934 1485 2968 eo,
1511 2932 1581 2955 non
1607 2920 1650 2955 ei.

452 2997 489 3033 p.
520 2980 562 3022 ‘8
605 3013 623 3028 „
654 2986 694 3021 11
723 2996 745 3021 a
770 2984 954 3031 superiore
1042 3011 1059 3025 ,‚
1123 2993 1191 3019 vox
1216 2980 1366 3034 quidem
1391 2979 1685 3033 collocanda-est
1710 2980 1792 3024 post
1816 2988 1937 3013 vocem
1962 2976 2075 3022 tangi.

451 3057 489 3093 p.
518 3047 562 3083 14
606 3073 623 3088 „
676 3046 696 3081 7
723 3044 769 3082 ab
794 3044 964 3081 inferiore
1039 3071 1057 3086 ,,
1120 3041 1314 3090 legendum
1339 3044 1396 3078 est
1419 3040 1640 3093 placuerunt
1665 3051 1709 3078 ex
1732 3037 1789 3086 iis,
1815 3049 1919 3088 quae,
1946 3047 2015 3071 non
2041 3036 2268 3082 placuerunt,
2304 3046 2408 3081 quae.

219 529 443 588 sotei-aque
472 542 601 587 paene
631 529 746 573 nulla
774 529 832 573 sit
861 528 1101 573 similitudo.
1163 529 1346 586 Denique
1375 531 1452 574 hoc
1486 545 1643 588 quoque
1674 534 1814 576 contra
1844 531 2053 576 Struvium
2098 531 2180 575 dici
2209 533 2359 587 potest
2423 528 2530 573 Cum
2560 531 2656 584 post
2700 581 2705 587 Ι
