2920 3717
950 2 964 20 ·“,·
985 6 1005 12 *-
1021 14 1033 22 ρ
1123 6 1139 19 κ
1153 6 1172 17 =.-
1191 6 1201 20 ι
1218 2 1262 18 ω·-
1285 4 1294 16 a
1390 3 1408 20 ,Ἰ
1759 10 1765 17 .-
1798 15 1799 20 ,

722 3 811 69 Mb}
826 36 857 54 ἢ*
875 45 895 72 7
953 28 1021 69 -ιῖξ-οῧὲξ
1060 33 1081 65 ἓ·
1120 13 1211 70 *ji*
1220 20 1285 64 §¹⁵⁵
1366 8 1419 64 ‘⁹2
1549 9 1571 38 'p
1602 32 1616 54 ἰ
1732 14 1789 71 ‚ff

1109 63 1253 110 *³²2ss
1287 75 1292 79 ’
1365 67 1416 123 fg}
1469 102 1475 122 ι
1565 75 1582 95 «·
1738 65 1806 101 z...
1932 91 1948 100 J
1979 88 2023 100 -
2058 82 2118 110 .....

1422 141 1555 221 ⁵167
1659 144 1662 149 ⁵

194 271 335 355 ense
361 259 630 358 arbitrentur.
642 309 673 364 ¹)
703 307 1002 360 namuurum
1030 308 1126 353 vult
1155 307 1264 353 cives
1291 307 1453 375 impelli
1473 308 1528 352 ad
1548 308 1846 374 observandam
1869 310 2146 366 probssfflm,
2169 311 2298 356 „emm
2341 307 2371 354 Ι.
2438 355 2440 357 Ι
2498 294 2501 300 ,
2530 264 2620 314 ..4322

246 379 560 438 manentiam,
593 380 643 422 ut
662 378 904 422 firmissima
924 379 1196 423 fundamenta
1227 380 1270 422 et
1299 367 1563 433 singulorum
1589 381 1634 423 et
1661 380 1721 423 rei
1740 380 1934 445 publicae
1956 381 2118 425 salutis.
2154 377 2509 432 murmannus)
2519 354 2712 433 affin„
2756 405 2773 456 .'

246 464 521 506 auswandernst‘
573 467 606 504 Ο
631 466 868 514 gravissimas
894 466 1221 513 acerbissimasque
1246 465 1533 511 criminationes,
1566 466 1699 513 quibus
1723 468 1764 505 in
1788 471 1838 512 te,
1864 468 2008 513 Horati,
2032 470 2254 538 interpretes
2277 470 2396 506 acute·
2408 448 2607 535 cernentes
2611 454 2744 503 ’Μ’
2757 478 2819 519 j·

244 528 320 564 usi!
370 527 487 573 Quod,
514 538 596 564 cum
622 526 830 563 tristissimi
855 538 977 564 rerum
1003 529 1123 564 status
1147 525 1312 563 taederet
1335 527 1385 568 te,
1413 525 1597 563 cecinisti.
2809 524 2849 556 ,ι’

976 587 1075 629 „Nos
1099 588 1224 622 manet
1249 585 1415 621 Oceanus
1440 585 1693 632 circumvagos
1718 598 1807 622 arva
1830 587 1952 628 beata,

997 646 1170 684 Petamus
1195 655 1281 682 arva
1306 642 1440 680 divites
1466 647 1504 681 et
1527 644 1689 682 insulas“
2789 696 2792 698 -
2814 693 2817 695 Β

244 707 341 743 male
366 706 473 742 audis
500 717 523 742 a
548 706 839 749 Ruehrmundio,
866 706 1128 752 perduellionis
1146 708 1234 741 nota
1252 703 1322 740 tibi
1339 704 1510 740 inuritur.
1537 703 1713 740 Homines
1737 705 1892 741 Romani
1910 706 1943 742 si
1967 704 2039 742 sibi
2063 706 2134 742 visi
2157 709 2280 743 essent
2296 706 2413 753 epodo
2437 708 2538 743 sexto
2556 705 2710 752 decime,
2734 754 2738 758 Ι

244 778 266 803 a
291 769 404 813 poeta
419 767 583 809 invitari,
610 769 655 803 ut
671 767 788 804 Roma
804 766 936 803 relicta
954 777 997 802 eo
1023 777 1145 802 secum
1167 763 1349 801 incolendi
1374 775 1485 800 causa
1502 763 1754 805 concederent,
1781 775 1854 811 quo
1879 776 1945 802 nec
1969 765 2207 812 Argonautae
2231 777 2300 803 nec
2324 765 2466 803 Sidonii
2489 777 2556 804 nec
2572 764 2704 804 mixe-
2778 764 2781 768 '

243 837 375 863 navem
401 826 646 874 appulissent,
674 827 709 863 ei
733 825 835 863 haud
858 837 1009 873 parvam
1035 825 1189 862 dandam
1216 834 1293 861 esse
1317 822 1498 860 hellebori
1523 825 1667 869 partem
1692 823 1930 861 censuissent.

462 886 675 923 Praescribi
692 887 855 923 carmine
871 887 984 934 tertio
1003 886 1153 929 civibus,
1178 888 1219 921 ut
1244 884 1332 920 iusti
1357 883 1443 926 sint,
1470 883 1665 920 voluerunt
1690 883 1801 919 etiam
1825 883 2031 930 Rudolphi.
2066 884 2186 921 Ueber
2202 884 2377 923 Hor.111.
2396 887 2430 922 3.
2455 886 2583 923 Brilon
2603 886 2692 924 1861

243 948 292 990 (v.
319 945 443 992 infra),
469 946 761 983 Raucheustein:
812 932 935 982 Ueber
953 945 1042 982 Sinn
1060 944 1134 981 und
1160 943 1325 980 Tendenz
1351 942 1417 979 der
1442 942 1581 979 dritten
1609 941 1687 979 Ode
1713 941 1777 979 des
1804 941 1944 979 dritten
1964 942 2120 981 Buches.
2147 943 2270 981 Neues
2296 945 2467 982 Schweiz.
2483 946 2650 984 Museum
2665 945 2702 983 Ι..

243 1016 278 1050 p.
301 1006 369 1042 129
388 1017 481 1052 sqq„
509 1006 688 1042 Stauder:
716 1005 855 1041 Thema
872 1006 948 1041 und
964 1005 1128 1051 logische
1141 1003 1371 1048 Gliederung
1387 1013 1459 1038 von
1476 1002 1563 1038 Hor.
1582 1002 1651 1038 111.
1681 1003 1696 1037 l
1713 1021 1759 1029 -—
1774 1003 1807 1037 6.
1839 1002 1884 1037 cf.
1909 1001 1948 1038 Ζ.
1966 1001 1991 1037 f.
2010 1002 2044 1038 d.
2064 1001 2143 1038 Gw.
2164 1003 2257 1040 1867
2281 1014 2317 1050 p.
2336 1005 2417 1041 505.
2455 1004 2700 1042 Infltauderi:

244 1065 491 1111 explicatione
520 1077 595 1102 non
620 1069 699 1102 tam
734 1065 772 1101 id
806 1076 930 1111 urgeo,
970 1057 1081 1111 qnod>
1098 1063 1263 1099 ultimam
1296 1062 1485 1108 stropham
1510 1062 1603 1098 satis
1628 1060 1743 1098 habet
1765 1060 1966 1098 clausulam
1991 1061 2190 1108 appellare,
2216 1083 2262 1090 —
2288 1074 2371 1100 euin
2395 1064 2492 1102 enim
2517 1066 2703 1112 commen·
2849 1078 2868 1102 ’,κ
2883 1073 2920 1121 3335

244 1125 403 1160 tationis
429 1125 544 1161 titulo
570 1125 721 1172 cognito
748 1125 807 1159 vel
831 1125 985 1160 maxime
1011 1122 1200 1169 sperabam
1225 1122 1344 1157 lucide
1363 1122 1582 1167 exposuisse,
1609 1120 1698 1167 quid
1723 1120 1959 1157 tribuendum
1976 1125 2074 1157 esset
2098 1121 2242 1157 ultimis
2267 1124 2439 1158 carminis
2456 1124 2621 1161 versibus
2647 1145 2693 1151 —
2876 1123 2880 1128 ’

245 1196 356 1230 quain
381 1185 480 1231 quod
507 1185 618 1222 dixit:
659 1185 774 1227 „Rom
800 1185 871 1221 soll
896 1195 1001 1231 gross
1027 1182 1169 1220 werden
1194 1184 1300 1218 unter
1325 1181 1390 1218 der
1414 1181 1648 1229 Bedingung,
1684 1180 1770 1218 dass
1802 1180 1914 1218 Ilium
1939 1180 2041 1218 nicht
2065 1180 2201 1218 wieder
2225 1181 2446 1229 hergestellt
2471 1178 2572 1229 wird,
2610 1184 2699 1223 dass·

246 1243 306 1281 die
332 1245 468 1282 Romer
493 1245 597 1281 nicht
622 1244 846 1291 habsiichtig
870 1244 1027 1280 werden.
1065 1243 1199 1279 Halten
1225 1242 1277 1278 sie
1304 1241 1403 1277 diese
1428 1242 1542 1284 nicht,
1569 1252 1610 1278 so
1636 1240 1756 1278 werde
1782 1241 1841 1277 ich
1866 1241 1947 1277 ihre
1964 1240 2155 1277 Feindin.“
2195 1241 2301 1288 Nego
2325 1252 2384 1278 me
2408 1244 2486 1279 tam
2511 1243 2698 1290 Lynceum
2768 1288 2771 1289 ⁷

245 1315 336 1347 esse,
364 1307 407 1340 ut
432 1306 593 1350 reperire
619 1305 756 1350 possim
775 1304 952 1340 Iunonem
978 1303 1189 1339 denuntiare
1207 1302 1379 1338 Romanis
1406 1312 1537 1347 graves
1563 1301 1785 1347 acerbasque
1809 1301 2052 1342 inimicitias?
2060 1302 2092 1336 si
2117 1303 2183 1337 aut
2200 1301 2347 1337 Troiam
2371 1302 2606 1339 restituerint
2629 1308 2696 1341 aut

245 1376 333 1410 opes
368 1364 578 1400 avidissime
612 1364 845 1409 expetierint.
896 1363 971 1400 Has
1004 1374 1087 1399 vero
1121 1363 1152 1398 si
1176 1362 1369 1407 proposuit
1400 1372 1559 1407 unquam
1586 1360 1656 1398 dea
1680 1360 1866 1407 praesidii,
1901 1360 2047 1404 favoris,
2083 1360 2268 1397 amicitiae
2293 1360 2535 1404 condiciones,
2572 1365 2700 1401 aetate

243 1424 392 1461 Horatii
418 1424 477 1460 vel
503 1424 659 1460 maxime
686 1423 816 1461 debuit
833 1434 912 1460 esse
937 1423 1083 1459 inimica
1107 1422 1209 1469 genti
1226 1422 1421 1458 Romanae.
1465 1421 1619 1466 Quando
1646 1420 1742 1457 enim
1768 1431 1928 1466 unquam
1944 1420 2099 1456 Romani
2118 1431 2228 1469 opum
2251 1421 2352 1457 sitim
2376 1421 2496 1457 minus
2514 1423 2696 1469 expellere

244 1485 481 1530 potuerunt?
533 1484 688 1528 Quando
721 1485 889 1530 reginam
922 1483 1114 1519 Pecuniam
1153 1482 1351 1518 studiosius
1384 1481 1602 1517 coluerunt?
1654 1480 1808 1524 Quando
1843 1483 1965 1516 autem
1997 1491 2055 1516 res
2081 1480 2265 1517 Romanae
2297 1484 2403 1517 erant
2433 1482 2629 1528 ampliores
2653 1496 2698 1521 ac

242 1544 487 1586 florentiores,
515 1556 624 1590 quam
652 1555 724 1590 quo
749 1547 915 1590 tempore
933 1544 1001 1580 hoc
1021 1553 1160 1579 carmen
1186 1542 1360 1588 scriptum
1387 1541 1470 1578 est?
1510 1542 1629 1586 Quare
1648 1541 1679 1577 si
1696 1541 1734 1584 ii,
1762 1541 1825 1587 qui
1850 1542 1928 1577 tum
1953 1540 2012 1577 vel
2036 1540 2213 1588 legebant
2237 1540 2295 1578 vel
2321 1541 2520 1579 audiebant
2538 1554 2694 1587 carmen,

242 1605 282 1641 in
315 1604 468 1641 eandem
504 1607 648 1651 partem
684 1606 796 1651 atque
831 1603 885 1640 St.
921 1604 1055 1639 exitum
1086 1602 1261 1639 orationis
1288 1613 1309 1638 a
1333 1601 1478 1639 Junone
1514 1601 1663 1638 habitae
1694 1601 1933 1647 accepissent,
1960 1612 2033 1637 non
2059 1601 2190 1638 dubito
2216 1602 2304 1648 quin
2330 1601 2538 1639 huiusmodi
2562 1604 2697 1649 minae,

244 1676 338 1712 quae
365 1676 473 1711 quam
493 1676 608 1700 vanae
637 1665 836 1709 futilesque
855 1667 989 1705 essent,
1014 1663 1182 1699 facillime
1200 1662 1483 1708 perspiciebant,
1510 1662 1555 1697 iis
1573 1663 1686 1697 risum
1703 1664 1869 1697 moturae
1894 1661 2041 1697 fuerint.
2069 1662 2115 1698 cf.
2141 1662 2251 1698 etiam
2268 1662 2426 1699 Pluessii
2443 1667 2695 1701 commentat.:

243 1726 451 1762 Politische
478 1725 554 1760 und
580 1724 746 1761 sittliche
772 1724 898 1760 Ideale
925 1728 992 1760 etc.
1018 1735 1053 1769 p.
1080 1724 1135 1765 74,
1162 1734 1240 1768 sqq.

464 1785 489 1831 ¹)
517 1784 561 1821 cf.
589 1783 841 1820 Feldbausch:
892 1783 963 1819 Zur
987 1783 1191 1829 Erkliirung
1223 1782 1288 1818 des
1314 1782 1433 1819 Horaz
1459 1793 1493 1828 p.
1522 1783 1578 1819 68.
1631 1782 1733 1818 Idem
1767 1781 1838 1818 sibi
1863 1782 2048 1828 persuasit
2071 1782 2285 1818 Petrenzius
2310 1783 2348 1818 in
2374 1786 2694 1829 commentatione,
2763 1772 2769 1779 ’

244 1856 351 1892 quam
378 1844 591 1890 inscripsit:
632 1843 940 1885 „Observationes
966 1844 1003 1878 in
1016 1842 1157 1879 Horatii
1184 1843 1383 1878 carminum
1402 1842 1544 1888 aliquot
1568 1842 1702 1878 1000S.“
1732 1841 1966 1877 Gumbinnen
1994 1841 2097 1878 1844.
2138 1842 2249 1877 Suam
2269 1843 2477 1889 opinionem
2495 1844 2535 1880 P.
2555 1845 2694 1890 optime

242 1906 367 1942 fulciri
392 1908 502 1951 putat
527 1904 693 1940 versibus
719 1905 767 1939 49
782 1924 826 1930 —
842 1904 899 1940 52.
945 1903 1059 1945 „Nam
1084 1904 1139 1938 his
1165 1903 1285 1939 verbis
1310 1903 1403 1939 nihil
1429 1902 1529 1938 aliud
1555 1902 1793 1948 praecipitur,
1820 1902 1892 1938 nisi
1918 1901 2016 1948 quod
2040 1913 2149 1948 saepe
2175 1902 2260 1946 dixi,
2294 1905 2337 1939 ut
2362 1902 2408 1940 ab
2434 1915 2478 1940 ea
2503 1901 2697 1951 impietate

244 1976 286 2002 ac
311 1963 543 2010 turpitudine
560 1963 720 2009 populus
738 1963 922 1999 Romanus
940 1974 978 1998 se
997 1963 1189 2005 contineat,
1217 1962 1264 1998 ad
1282 1973 1388 2008 quam
1413 1962 1491 1998 auri
1508 1961 1681 1998 affluente
1699 1962 1806 2007 copia
1822 1964 1860 1998 et
1884 1960 2088 1998 insatiabili
2106 1961 2310 2007 cupiditate
2328 1963 2493 1999 homines
2511 1965 2694 2011 corrumpi

242 2025 376 2067 solent,
404 2024 444 2059 id
470 2025 537 2065 est,
566 2034 659 2069 quae
686 2022 872 2058 contraria
897 2025 953 2057 est
979 2022 1043 2064 illi,
1070 2022 1115 2057 ad
1140 2033 1246 2068 quam
1273 2023 1368 2058 cives
1394 2025 1506 2068 poeta
1532 2022 1756 2063 exhortatur,
1784 2022 1949 2057 iustitiae
1975 2023 2013 2057 et
2039 2022 2304 2058 cinstantiae.“
2333 2022 2376 2058 cf.
2404 2033 2438 2068 p.
2467 2023 2524 2059 21.
2576 2023 2694 2068 Quam

242 2086 411 2122 aculeata
437 2087 476 2120 et
502 2085 673 2119 contorta
699 2083 749 2118 sit
775 2083 863 2118 haec
889 2082 1153 2127 interpretatio,
1180 2094 1251 2118 non
1279 2094 1370 2127 opus
1396 2085 1454 2118 est
1479 2081 1646 2128 pluribus
1672 2080 1793 2118 verbis
1820 2092 2011 2128 exponere.
2055 2080 2161 2125 Quod
2185 2093 2271 2118 vero
2289 2081 2331 2118 P.
2359 2084 2469 2128 putat
2486 2082 2691 2125 Horatium,

242 2156 355 2192 quum
379 2144 559 2181 Iunonem
585 2142 699 2179 faciat
734 2142 1024 2182 interdicentem,
1057 2153 1101 2177 ne
1126 2141 1234 2178 Troia
1257 2142 1486 2185 restituatur,
1515 2141 1553 2177 id
1578 2141 1717 2177 civibus
1734 2140 1994 2187 praescribere,
2023 2152 2090 2182 „ue
2115 2141 2319 2189 peregrinis
2336 2142 2498 2178 moribus
2524 2154 2566 2179 ac
2592 2143 2693 2179 vitiis

243 2216 283 2241 se
310 2204 642 2241 commacularent⁴⁴
673 2223 716 2228 —
745 2202 851 2247 quasi
876 2213 961 2237 vero
987 2202 1164 2237 iustitiam
1190 2205 1228 2237 et
1253 2203 1508 2244 constantiam,
1537 2214 1617 2237 cum
1644 2202 1713 2238 hoc
1738 2213 1884 2237 carmen
1902 2202 2079 2247 scriptum
2105 2204 2171 2245 est,
2199 2202 2475 2249 religiosissime
2502 2203 2696 2247 coluerint,

242 2277 285 2302 ac
316 2277 390 2301 non
430 2265 504 2300 iam
537 2263 600 2299 diu
634 2263 722 2299 illae
754 2263 910 2299 virtutes
945 2262 1143 2299 exsularint
1174 2284 1217 2289 -—
1251 2262 1339 2309 quid
1370 2262 1519 2300 tandem
1550 2262 1712 2299 minatur
1745 2261 1849 2303 Iuno,
1882 2273 1963 2299 cum
1998 2260 2193 2299 denuntiat
2227 2261 2370 2308 Troiae,
2405 2264 2693 2312 quotiescunque

240 2325 417 2362 restituta
448 2324 508 2366 sit,
545 2333 584 2359 se
616 2324 758 2369 pestem
790 2321 1012 2359 allaturam?
1056 2321 1285 2368 Consequens
1317 2324 1384 2366 est,
1417 2321 1535 2361 credo.
1568 2324 1611 2358 ut
1642 2321 1805 2358 dicamus
1839 2321 2016 2358 Iunonem
2042 2321 2099 2357 his
2134 2322 2244 2358 minis
2275 2322 2369 2358 nihil
2403 2322 2505 2360 aliud
2528 2322 2694 2370 profiteri

240 2386 312 2421 nisi
338 2385 554 2430 peregrinos
580 2394 700 2418 mores
726 2394 768 2418 ac
794 2383 897 2422 vitia,
935 2383 1216 2427 quotiescunque
1257 2384 1458 2418 invaserint
1492 2385 1530 2418 in
1556 2384 1754 2423 civitatem,
1782 2394 1821 2417 se
1847 2381 2084 2418 sublaturam.
2127 2382 2178 2418 At
2202 2394 2320 2429 neque
2340 2383 2391 2419 de
2415 2384 2487 2419 hac
2511 2395 2551 2419 re
2575 2395 2694 2429 neque

242 2443 286 2481 de
313 2443 486 2480 carminis
519 2441 684 2479 clausula
717 2440 877 2478 multum
910 2439 1092 2477 laboravit
1115 2440 1155 2477 P.
1183 2440 1281 2486 Quae
1308 2442 1340 2478 ei
1366 2444 1453 2478 sunt
1479 2453 1560 2478 cum
1595 2441 1677 2478 aliis
1703 2439 1968 2487 interpretibus
1994 2441 2209 2485 communia,
2246 2440 2292 2478 de
2325 2441 2384 2479 his
2409 2441 2505 2479 infra
2529 2451 2693 2489 agemus.

458 2504 486 2546 ²)
512 2503 536 2538 l.
570 2503 593 2538 l.
628 2513 663 2547 p.
699 2502 781 2538 350.
832 2501 1048 2547 Nachtrsge
1072 2511 1107 2546 p.
1133 2501 1213 2537 VH.
1264 2502 1379 2545 Quum
1413 2503 1643 2538 Duentzerus
1677 2503 1746 2538 hoc
1777 2511 1921 2538 carmen
1953 2502 2117 2548 appellet
2144 2503 2226 2544 ..ein
2250 2503 2405 2539 senones
2431 2503 2546 2540 Stuck
2570 2503 2691 2539 horaz.

241 2564 467 2612 Symb01ik‚··
502 2575 574 2599 non
609 2563 741 2598 mirum
776 2564 834 2597 est
867 2572 949 2596 eum
983 2563 1060 2596 tam
1093 2561 1193 2596 varia
1218 2573 1422 2609 congerere,
1457 2565 1499 2598 ut
1525 2563 1556 2597 si
1582 2562 1616 2598 ei
1642 2562 1813 2598 assentiri
1838 2561 2007 2604 volueris,
2033 2560 2104 2598 tibi
2138 2561 2386 2598 confitendum
2420 2563 2470 2598 sit
2501 2563 2620 2599 inesse
2654 2563 2694 2598 in

239 2624 309 2660 hoc
347 2623 509 2660 carmine
542 2622 766 2669 farraginem
805 2620 992 2667 quandam
1027 2631 1068 2657 ac
1105 2620 1230 2657 rudem
1266 2622 1561 2669 indigestamque
1595 2622 1728 2658 molem
1767 2622 2045 2659 sententiarum.
2096 2621 2242 2658 Etenim
2275 2621 2344 2659 sub
2370 2622 2525 2660 Romulo
2564 2625 2688 2660 censet

240 2684 533 2730 opiniosissimus
572 2682 635 2719 ille
667 2683 852 2728 interpres
884 2691 1017 2717 nomen
1047 2681 1205 2727 Augusti
1235 2681 1370 2726 latere;
1395 2683 1433 2719 in
1467 2683 1564 2719 hunc
1591 2683 1721 2725 omnia,
1756 2693 1847 2728 quae
1874 2682 2007 2719 dixerit
2031 2681 2208 2719 Horatius
2242 2682 2288 2719 de
2312 2683 2411 2720 iusto
2436 2695 2479 2723 ac
2503 2684 2685 2731 propositi

239 2744 361 2781 tenaci
378 2744 467 2785 viro,
487 2743 708 2779 mirabiliter
733 2741 923 2788 quadrare.
966 2740 1142 2777 Iunonem
1158 2752 1241 2777 vero
1259 2741 1404 2779 Troiam
1422 2742 1586 2789 reparari
1603 2744 1790 2779 vetantem
1808 2741 2039 2786 interdicere,
2066 2753 2112 2779 ne
2129 2741 2312 2790 demigret
2328 2741 2491 2790 populus·
2503 2744 2689 2781 Romanus

241 2815 284 2840 ex
308 2803 421 2840 Italia
453 2803 491 2839 in
516 2803 640 2839 Asiam
677 2814 768 2839 neve
795 2801 914 2838 denuo
940 2801 979 2837 ιιι
1012 2801 1196 2847 gurgitem
1222 2802 1391 2839 vitiorum
1418 2814 1456 2839 se
1489 2802 1722 2849 praecipitet,
1756 2803 1879 2849 quasi·
1886 2812 1973 2839 vero
2004 2812 2049 2839 ea
2073 2802 2174 2846 vitia,
2201 2813 2295 2857 quae
2321 2806 2511 2842 enumerat
2534 2804 2592 2846 D.,
2619 2814 2690 2851 quo

239 2867 405 2910 tempore
439 2864 574 2900 statuit
608 2863 781 2900 emissum
816 2872 895 2898 esse
921 2862 991 2898 hoc
1017 2872 1172 2903 carmen,
1206 2861 1351 2899 sublata
1376 2865 1415 2899 et
1440 2874 1544 2900 erasa
1576 2863 1715 2900 fuerint
1739 2874 1782 2900 ac
1807 2874 1880 2899 nou
1905 2865 2100 2910 tantopere
2125 2863 2321 2910 viguerint,
2355 2866 2581 2932 quantopere
2607 2866 2694 2901 ante

239 2924 400 2971 Augusti
426 2923 722 2960 dominationem.

460 2986 490 3029 ³)
514 2984 644 3020 Rhein.
678 2984 773 3020 Mus
799 2983 877 3019 XV.
913 2994 948 3029 p.
977 2983 1058 3019 244.
1107 2981 1145 3018 Is
1177 2993 1317 3029 quoque
1341 2995 1375 3020 v.
1402 2985 1449 3021 49
1477 3005 1522 3012 —
1547 2985 1595 3022 52
1622 2984 1775 3030 expellit
1799 2984 1976 3028 carmine,
2002 2995 2035 3021 v.
2061 2984 2108 3022 25
2137 3006 2183 3013 -
2209 2984 2256 3022 82
2289 2985 2328 3021 ιιι
2360 2996 2470 3022 unam
2505 2983 2693 3023 contrahit

239 3043 445 3090 stropham,
476 3055 556 3080 cum
572 3043 685 3080 verba
712 3054 800 3086 „nec
824 3043 984 3080 Priami“
1084 3052 1231 3088 .usque
1257 3043 1303 3080 ad
1329 3044 1543 3091 „protinus“
1569 3043 1781 3081 flaccescere
1807 3044 2001 3081 existimet.
2039 3044 2090 3081 At
2114 3045 2331 3082 commorari
2354 3044 2532 3082 Iunonem
2556 3045 2596 3082 in
2619 3055 2695 3081 me-

237 3103 417 3142 moranda
451 3103 691 3140 Troianorum
742 3103 955 3140 calamitate
991 3105 1029 3139 et
1061 3102 1245 3139 exsultare
1277 3104 1314 3139 in
1344 3104 1460 3141 ruinis
1486 3104 1618 3141 Troiae
1649 3104 1738 3151 quid
1771 3103 1972 3142 miremur?
2013 3104 2066 3142 Ut
2100 3104 2340 3142 Schwenckio
2371 3104 2461 3142 hm
2486 3103 2598 3144 verba
2620 3114 2694 3141 non

237 3163 447 3202 debuerunt
471 3164 699 3200 stomachum
724 3174 880 3206 movere,
916 3164 972 3199 ita
996 3162 1258 3208 Peerlkampus
1292 3166 1330 3200 et
1353 3164 1522 3201 Prieuins
1547 3163 1642 3200 ferre
1676 3167 1879 3211 potuerunt
1921 3164 2017 3201 illud
2044 3164 2258 3208 „Hectoreis
2283 3163 2451 3210 opibus.“
2503 3163 2693 3211 Cogitanti

237 3225 336 3261 enim
353 3223 553 3260 Hectorem
578 3224 794 3260 acerrimum
812 3223 945 3259 Troiae
969 3225 1280 3269 propugnatorem
1306 3224 1417 3261 fuisse
1443 3234 1697 3269 unaquecum
1724 3235 1766 3260 eo
1793 3223 1969 3261 occidisse
1993 3224 2153 3271 patriam
2178 3223 2246 3271 (cf.
2263 3223 2309 3260 n.
2330 3223 2450 3260 xxn.
2475 3224 2559 3267 433,
2585 3223 2693 3261 Ennii

236 3284 348 3332 Trag.
366 3282 457 3327 rell.
484 3282 618 3319 Achill.
644 3294 677 3319 v.
703 3284 761 3326 25,
796 3282 880 3320 Seii.
907 3282 1040 3319 Troad.
1070 3282 1140 3319 124
1165 3282 1271 3330 sqq),
1295 3294 1368 3320 non
1393 3284 1517 3320 ieiuna
1542 3294 1585 3320 ac
1609 3283 1757 3331 frigida,
1783 3283 1848 3320 sed
1872 3283 2005 3322 mirum
2031 3285 2209 3330 quantum
2233 3282 2409 3320 concinna
2433 3285 2472 3320 et
2488 3294 2693 3332 congruens

231 3344 328 3381 haec
353 3344 453 3381 ratio
479 3343 625 3379 dicendi
650 3343 815 3387 videtur;
841 3342 887 3379 de
912 3353 1001 3379 voce
1026 3341 1159 3389 opibus
1187 3354 1219 3379 v.
1245 3342 1436 3390 interpret.
1463 3342 1512 3379 ad
1536 3343 1624 3381 Hor.
1650 3344 1716 3390 Ep.
1742 3342 1772 3380 1.
1802 3345 1857 3381 10.
1883 3343 1943 3381 36.
