2920 3717
394 317 651 380 mm,
684 298 770 380 ‘qm
791 306 929 370 inti
935 322 1118 369 uisum
1144 308 1340 367 ηοω
1360 317 1553 377 ιηᾱιωι,
1576 297 1629 367 a
1645 310 1875 382 quodne
1907 295 2289 385 madidos*

20 359 27 366 θ
122 363 124 366 v
174 386 258 440 ef
262 384 383 441 niis
388 388 627 440 &enirm
651 406 754 439 me.
800 392 920 440 Esse
932 394 1043 440 enirn
1063 395 1169 439 lianc
1191 391 1404 450 empnam
1429 392 1694 450 splendidum
1720 394 1930 485 quoddam
1948 394 2203 453 prooemium
2231 405 2301 442 sex
2322 364 2710 462 priorum*

193 462 321 527 tertii
348 464 582 511 carminum
610 465 697 511 iam
733 466 975 513 Torrentius
1015 479 1087 524 pro
1123 464 1330 522 explorato
1366 463 1529 511 habuit.
2613 474 2648 509 ςζ
2700 498 2722 516 .‚

267 586 270 588 ,
412 537 522 584 Sunt
550 538 694 584 antem
723 539 826 584 haec
845 538 1000 584 indicia
1020 537 1264 585 extrinsecus
1292 538 1491 592 munta,
1523 537 1675 594 quibus
1696 538 1793 583 solis
1823 538 1861 583 si
1880 539 2059 585 dicerem
2079 553 2149 593 eos
2168 539 2233 586 uti
2260 538 2554 598 ιιᾱιιιιιιιοιὼε,
2559 542 2641 599 qui

193 611 356 668 ponunt
374 609 601 656 Horat-inm
620 623 691 655 sex
711 609 896 656 carmina
914 611 976 656 ita
1008 609 1269 661 coniunxisse,
1301 608 1351 652 ιιι
1370 620 1501 653 ιιιιιιιιι
1520 611 1641 662 esset,
1674 625 1698 653 a
1717 622 1812 655 vero
1832 610 2097 672 discederem.
2147 613 2284 665 Immo
2302 625 2383 659 non
2400 605 2545 671 paucis
2560 605 2648 668 iile

192 682 328 743 signa,
359 682 412 726 de
442 682 595 738 quibus
624 683 748 747 modo
778 683 971 736 diximus,
1002 685 1213 739 tamquam
1242 693 1368 724 venae
1402 680 1661 735 videbantur,
1692 695 1797 739 quas
1815 666 1889 727 ubi
1917 683 2114 740 primum,
2145 684 2219 741 qui
2246 685 2419 730 metalla
2436 669 2668 738 exercenkf
2690 692 2716 701 ”

196 755 509 812 conspexerunt,
555 755 599 799 in
644 755 802 801 viscera
846 745 984 800 terrae
1025 755 1136 807 eunt,
1190 754 1238 798 ut
1280 743 1496 797 thesauros
1543 752 1739 798 effodiant
1782 755 2028 812 ornantque;
2078 755 2378 815 intellegebant
2412 755 2543 811 enim,
2588 756 2642 802 ut

193 822 417 887 probarent
445 827 491 871 id
520 827 634 871 omni
673 827 768 872 luce
804 839 894 871 esse
934 826 1097 879 clarius,
1136 824 1244 882 quod
1279 823 1357 881 ipsi
1388 825 1587 878 tenerent,
1626 838 1791 870 necesse
1831 838 1920 870 esse
1948 827 2161 884 perspicue
2197 828 2359 874 ostendi-
2392 840 2523 879 unum
2550 827 2649 878 'cese‘
2668 830 2674 835 ”

192 896 491 957 argumentum
520 911 594 956 per
613 908 694 943 sex
722 898 797 943 illa
827 899 1009 943 carmina
1043 896 1160 954 quasi
1202 895 1395 940 diffusum
1436 908 1485 940 ac
1516 895 1828 942 disseminatum
1865 898 1991 953 atque
2022 911 2104 942 uno
2132 887 2362 967 eedeinqne
2384 888 2570 958 tempore
2588 912 2639 946 ea
2715 911 2720 916 ’

195 970 433 1028 conscripta
475 984 575 1015 esse.
649 967 942 1015 scrutantibus
982 983 1077 1014 vero
1121 981 1170 1013 ac
1214 968 1472 1020 rimantibus,
1520 969 1592 1012 ιιι
1608 969 1692 1012 fere
1735 968 1797 1020 fit.
1844 969 1934 1012 tam
1979 969 2115 1014 multa
2159 961 2442 1032 occurrebant,
2487 967 2638 1029 quibus

195 1042 434 1100 opinionem
464 1056 583 1088 snam
614 1042 847 1096 fundarent,
879 1045 930 1087 ιιι
959 1041 1122 1086 etiamsi
1152 1041 1269 1086 notae
1297 1022 1408 1093 illae,
1452 1052 1555 1096 quas
1590 1052 1715 1097 supra
1750 1039 2081 1094 commemoravi,
2120 1054 2209 1094 non·
2236 1043 2456 1100 exstarent,
2479 1044 2638 1097 ‘tamn

196 1115 447 1173 gravissime
477 1115 632 1160 fuerint
672 1114 880 1159 defensuri
919 1114 996 1158 nisi
1031 1111 1231 1158 Torrentii
1271 1112 1473 1156 sententia
1513 1111 1779 1168 comprobata
1816 1112 1980 1156 omnino
2017 1112 2119 1157 haec
2159 1114 2343 1159 carmina
2370 1115 2539 1185 percipi
2554 1126 2638 1163 non

195 1199 331 1243 posse.
395 1186 506 1241 Quid
545 1182 710 1246 igitur
707 1186 874 1239 mirum,
907 1199 1002 1231 cum
1031 1184 1266 1241 accederent
1294 1183 1348 1227 ad
1377 1185 1443 1228 tot
1473 1183 1636 1236 indicia
1677 1197 1782 1244 quae
1820 1197 1867 1228 ex
1903 1184 2039 1240 prima
2068 1185 2213 1232 statim
2243 1185 2379 1230 fironte
2408 1187 2638 1233 carminum

193 1258 554 1317 cognoscerentur,
586 1270 634 1307 ea
672 1247 777 1313 quae
807 1257 891 1302 ab
877 1270 970 1314 ipsa
990 1256 1213 1302 carminum
1249 1255 1423 1299 materia
1444 1254 1576 1311 repeti
1605 1256 1649 1300 et
1665 1252 1834 1312 possent
1859 1256 1903 1300 et
1933 1255 2141 1308 deberent.
2172 1257 2377 1302 exstitisse
2415 1258 2489 1314 qni
2517 1270 2637 1314 prae-

194 1329 327 1374 stacte
364 1330 565 1386 negarent
594 1328 870 1373 dubitandum
906 1341 1005 1382 esse,
1047 1328 1146 1384 quin
1174 1326 1371 1371 Horatius
1409 1339 1477 1370 sex
1516 1327 1590 1370 illa
1621 1326 1803 1370 carmina
1839 1327 1917 1371 hac
1957 1328 2096 1372 mente
2131 1327 2354 1385 scripserit,
2396 1330 2446 1373 ut
2485 1341 2636 1374 unum-

195 1401 389 1458 quodque
419 1394 524 1445 nihil
554 1401 634 1445 nisi
664 1413 760 1458 pars
791 1401 914 1444 nnius
945 1401 1052 1445 esset
1081 1399 1282 1444 carminis.
1345 1401 1411 1445 Ac
1441 1399 1623 1455 profecto
1653 1398 1761 1443 illud
1791 1397 1964 1458 ἀξίωμα,
2003 1400 2053 1443 ιιι
2082 1394 2239 1445 Graeco
2270 1401 2366 1446 utar
2394 1400 2532 1456 verbo,
2570 1401 2640 1446 tot

198 1471 371 1519 nactum
409 1474 474 1518 est
512 1474 555 1517 et
603 1473 875 1519 admiratores
916 1475 959 1517 et
995 1473 1324 1530 propugnatores,
1374 1472 1423 1516 ιιι
1467 1471 1541 1528 qui
1583 1471 1704 1516 aliter
1742 1471 1942 1516 senserint
1980 1471 2030 1516 de
2067 1472 2146 1516 hac
2193 1485 2249 1527 re,
2286 1474 2512 1530 appareant
2553 1474 2638 1518 rari

195 1546 345 1590 nantes
374 1545 418 1588 in
448 1545 615 1602 gurgite
643 1546 775 1589 vasto.
838 1545 896 1588 Hi
937 1545 1090 1596 autem,
1121 1545 1158 1588 si
1187 1557 1326 1588 verum
1357 1544 1478 1588 fateri
1507 1543 1712 1596 volumus,
1744 1556 1897 1601 inagna
1932 1544 2100 1600 quidem
2130 1557 2178 1588 ex
2207 1546 2341 1601 parte,
2373 1558 2456 1590 non
2485 1547 2536 1590 ut
2564 1545 2632 1591 de-

190 1617 364 1670 bebant,
403 1630 493 1677 rem
536 1628 656 1661 snam
698 1618 897 1674 egerunt3
937 1617 1083 1669 multa,
1123 1629 1226 1673 qnae
1269 1617 1310 1660 in
1356 1615 1540 1660 medium
1578 1614 1853 1672 protulerunt,
1901 1616 2165 1662 mucronibus
2202 1616 2479 1662 hebetioribus
2520 1620 2637 1662 erant

194 1689 429 1735 consimilia
459 1675 707 1745 tantumque
735 1688 890 1740 aberat,
921 1689 972 1732 nt
999 1688 1262 1745 infringerent
1290 1689 1365 1732 aut
1394 1688 1622 1732 refutarent
1652 1700 1713 1740 ea,
1746 1701 1850 1744 quae
1886 1688 1930 1732 in
1961 1688 2209 1733 contrariam
2240 1690 2403 1745 partem
2424 1679 2637 1746 disputata

185 1762 325 1812 erant.
357 1762 408 1804 nt
437 1757 567 1804 etiam
596 1760 841 1804 adversariis
861 1759 1018 1816 aliqffid
1036 1759 1228 1816 praesidii
1248 1760 1435 1803 afferrent
1466 1759 1520 1803 ad
1539 1759 1835 1803 defendendam
1866 1759 2108 1816 opinionem,
2141 1772 2266 1816 qnam
2287 1760 2348 1804 de
2357 1760 2422 1805 his
2442 1760 2635 1806 carmini
2681 1816 2684 1817 7
2743 1775 2748 1782 ’

194 1833 274 1876 bus
315 1833 495 1888 amplexi
524 1832 743 1882 tenebant;
782 1844 862 1875 non
894 1832 1036 1875 contra
1064 1832 1323 1883 adversarios,
1356 1831 1428 1875 sed
1460 1832 1601 1874 contra
1631 1833 1763 1875 semet
1792 1831 1902 1887 ipsos
1932 1843 2225 1887 nonnunquam
2261 1845 2378 1876 arma
2406 1833 2500 1876 illos
2529 1833 2636 1876 ferre

197 1917 247 1949 ac
267 1904 407 1948 vineta
428 1917 504 1947 sua
526 1903 693 1947 caedere
713 1904 894 1959 putares.
957 1902 1105 1958 Qualia
1124 1903 1288 1946 tandem
1307 1904 1405 1947 sunt
1424 1903 1500 1947 illa
1520 1904 1777 1959 argumenta,
1799 1903 1948 1959 quibus
1968 1903 2085 1960 quasi
2106 1903 2425 1961 propugnaculis
2445 1904 2633 1958 utuntur,

191 1975 270 2032 qui
319 1976 493 2020 sumunt
540 1975 678 2019 omnia
723 1987 792 2018 sex
844 1974 1025 2018 carmina
1070 1987 1199 2019 unum
1246 1974 1431 2018 efficere?
1489 1975 1605 2019 Num
1660 1975 1827 2018 tantum
1871 1974 2028 2019 habent
2074 1975 2293 2032 gravitatis
2337 1988 2386 2020 ac
2431 1975 2633 2032 ponderis,

193 2048 244 2092 ιιι
289 2047 362 2105 qui
409 2060 458 2092 ea
510 2047 679 2104 cognita
737 2046 902 2100 habeat,
958 2046 1067 2091 hunc
1125 2059 1270 2091 manus
1319 2047 1416 2091 dare
1469 2034 1656 2104 oporteat
1705 2046 1835 2104 isque,
1882 2046 1953 2103 qni
2009 2046 2127 2092 illam
2182 2046 2413 2105 opinionem
2458 2047 2635 2104 undique

199 2119 412 2164 firmatam
441 2119 639 2163 nimirum
669 2120 713 2163 et
742 2119 973 2163 stabilitam
1003 2119 1153 2162 audeat
1181 2119 1434 2176 redarguere,
1467 2120 1511 2162 et
1530 2131 1698 2175 operam
1727 2121 1771 2162 et
1800 2120 1939 2162 oleum
1968 2119 2203 2185 perditurus
2233 2132 2321 2164 esse
2341 2120 2636 2164 existimandus

92 2203 94 2205 ·
191 2191 282 2236 sit?
310 2191 404 2236 Hoc
434 2191 507 2248 qui
536 2191 665 2235 habet
693 2203 948 2248 persuasum,
980 2191 1016 2234 is
1047 2204 1187 2234 eornm
1226 2192 1481 2247 argumenta,
1521 2190 1674 2247 quibus
1714 2179 1855 2255 placet
1894 2204 1964 2235 sex
2001 2191 2076 2235 illa
2117 2191 2300 2236 carmina
2336 2204 2425 2236 esse
2462 2192 2636 2249 simplex

192 2261 414 2306 dumtaxat
443 2263 488 2306 et
516 2275 659 2313 unum,
699 2274 783 2306 non
822 2262 912 2305 tam
949 2261 1111 2304 videtur
1139 2262 1370 2318 expendisse
1411 2275 1539 2318 qnam
1578 2274 1827 2307 numerasse.
1891 2262 1960 2306 An
1998 2275 2093 2306 vero
2135 2263 2329 2319 cuiqnam
2364 2275 2520 2317 eorum,
2563 2263 2636 2322 qui

192 2333 304 2379 illud
332 2333 542 2378 mordicus
572 2334 729 2387 tenent,
761 2333 848 2378 iam
879 2333 1065 2391 contigit,
1099 2334 1147 2378 ιιι
1176 2333 1473 2400 demonstraret
1501 2346 1584 2379 non
1613 2334 1800 2381 tortuosa
1835 2333 1910 2378 illa
1940 2333 2106 2390 quidem
2136 2347 2186 2378 ac
2215 2334 2378 2395 spinosa
2407 2334 2637 2392 explicandi

193 2406 363 2460 ratione,
393 2405 471 2450 sed
500 2405 719 2487 perspicua
747 2400 876 2463 atque
916 2405 1072 2448 directa
1107 2418 1235 2448 unum
1274 2418 1360 2450 esse
1400 2406 1612 2463 quiddam,
1653 2405 1765 2462 qnod
1800 2397 2007 2450 tractetur
2044 2406 2088 2450 in
2118 2406 2184 2450 his
2218 2407 2504 2452 carminibus?
2544 2407 2636 2452 Hoc

182 2475 304 2522 'mim
323 2477 431 2522 nibil
448 2477 617 2539 gravius
639 2477 879 2530 esse,nilii1
898 2476 1031 2535 magis
1051 2477 1191 2534 quaeri
1210 2477 1354 2522 debere
1384 2479 1476 2535 quis
1506 2478 1583 2533 est,
1615 2477 1688 2534 qni
1707 2477 1829 2537 neget
1841 2480 1863 2522 Ρ
1893 2477 1975 2523 nisi
1994 2478 2099 2532 forte
2118 2479 2315 2536 putamus
2336 2479 2387 2524 de
2407 2481 2637 2533 carminum

196 2550 445 2615 argumento
474 2550 613 2596 minus
641 2548 920 2594 laborandum
940 2561 1028 2594 esse
1057 2562 1182 2606 quam
1201 2549 1252 2594 de
1280 2550 1372 2595 aliis
1401 2549 1557 2595 rebus
1543 2550 1676 2606 iisqne
1694 2550 1837 2595 inulto
1849 2549 2087 2603 levioribus,
2123 2551 2167 2594 id
2197 2551 2319 2612 qnod,
2350 2564 2432 2610 qno
2462 2552 2637 2609 quisque

182 2619 455 2667 'existimator
501 2621 733 2666 carminum
773 2621 1097 2687 Horatianornm
1140 2621 1218 2665 erit
1253 2622 1423 2674 acutior,
1463 2634 1511 2670 eo
1553 2621 1752 2685 liquidius
1799 2621 1970 2686 negabit
2008 2622 2097 2666 fieri
2137 2624 2335 2680 oportere.
2404 2624 2473 2668 An
2516 2617 2636 2682 porro

190 2692 415 2754 quisquam
443 2693 518 2746 ita,
550 2694 601 2741 ut
628 2692 715 2737 iam
742 2692 902 2742 nemini
929 2692 1055 2739 liceat
1085 2694 1225 2737 contra
1245 2693 1391 2746 dicere,
1422 2693 1560 2739 effecit
1579 2693 1718 2745 omnia
1736 2693 1812 2744 illa
1842 2694 2026 2738 carmina
2054 2694 2093 2744 si
2122 2695 2260 2749 minus
2286 2698 2371 2739 'uno
2398 2695 2635 2757 eodemque,

182 2764 337 2810 'tamen
377 2764 522 2816 eodem
562 2764 731 2826 circiter
758 2764 944 2824 tempore
981 2764 1211 2822 conscripta
1246 2767 1289 2815 et
1327 2766 1478 2810 emissa
1506 2769 1625 2810 esse?
1666 2765 1728 2810 Δι
1756 2764 1935 2820 hercule,
1968 2765 2005 2810 si
2041 2766 2094 2814 ab
2130 2765 2247 2817 illins
2283 2766 2483 2824 opinionis
2524 2759 2639 2813 com-

90 2814 96 2818 .
192 2829 485 2893 probatoribns
521 2836 757 2882 luculenter
796 2835 1120 2897 simpliciterque
1153 2836 1456 2921 interpretando
1500 2837 1766 2898 explanatum
1803 2837 1913 2882 esset
1950 2836 2176 2883 Horatium
2204 2851 2279 2895 per
2313 2839 2416 2884 haec
2445 2851 2516 2890 sex
2546 2850 2637 2884 oar-

190 2908 307 2955 minn
341 2908 387 2952 in
426 2920 509 2954 nno
545 2907 702 2953 versari
731 2909 1001 2972 argumento
1033 2907 1119 2952 sive
1148 2909 1202 2952 ad
1238 2922 1372 2955 mores
1401 2909 1553 2963 civium
1594 2908 1893 2963 emendandos,
1932 2909 2019 2955 sive
2057 2909 2110 2954 ad
2142 2910 2354 2956 civitatem
2384 2911 2638 2962 constituen-

192 2979 314 3035 darn,
351 2980 437 3030 sive
475 2979 530 3034 ad
566 2979 801 3037 quamlibet
841 2979 970 3030 aliam
1008 2992 1097 3024 tem
1131 2980 1365 3038 spectaret.¹
1396 2981 1464 3026 vix
1506 2982 1573 3027 tot
1614 2981 1789 3033 externis
1826 2981 1935 3027 notis
1982 2994 2085 3039 opus
2122 2983 2251 3035 esset,
2282 2983 2332 3027 ιιι
2361 2983 2415 3027 ab
2446 2981 2646 3043 omnspiis-

102 3093 104 3095 ,
188 3050 507 3109 concederetur
518 3051 672 3101 babere
700 3051 805 3096 liaec
842 3050 1027 3102 carmina
1066 3064 1218 3096 novum
1251 3053 1451 3116 quiddam
1480 3055 1607 3111 atque
1646 3053 1862 3106 insolitum
1891 3053 2209 3121 Horatiumque,
2262 3054 2390 3106 etiam
2436 3052 2571 3121 qnod
2582 3051 2638 3098 ad

185 3123 393 3185 cyclicum
422 3136 589 3183 ωιτηοιι
618 3123 740 3206 lyrici
760 3123 938 3183 generis
962 3122 1220 3176 condendum
1248 3125 1436 3181 attineat,
1475 3125 1609 3182 libera
1648 3138 1722 3182 per
1753 3137 1931 3171 vacuum
1964 3125 2154 3184 posuisse
2181 3125 2359 3193 vestigia
2391 3122 2637 3195 principun,
2700 3106 2712 3164 ’,
2809 3089 2813 3092 ³

91 3197 124 3252 J
186 3190 436 3243 toralium
464 3209 541 3245 sno
569 3195 767 3254 pressisse
807 3194 925 3253 pede.
987 3188 1105 3241 Haec
1142 3208 1236 3241 vero
1265 3197 1397 3256 gloria
1432 3197 1472 3242 ei
1511 3194 1687 3269 amplior
1727 3199 1837 3243 esset
1872 3197 1999 3254 atque
2026 3190 2246 3252 illusfflor,
2283 3186 2396 3256 quod
2428 3204 2488 3243 ne
2525 3190 2649 3262 οριζιζιιγ

184 3266 370 3314 <im
408 3257 580 3326 quie-n?
608 3267 695 3314 islo
732 3267 961 3325 quidquam
1000 3268 1202 3324 reperim
1237 3269 1428 3328 quosque
1466 3260 1742 3323 τοωὴιίωιω
1780 3268 2029 3335 soculorum
2058 3269 2213 3328 mene
2251 3267 2383 3383 inici,
2423 3281 2451 3314 ⁸
2484 3264 2675 3330 qnam
