2920 3717
456 279 706 362 Ιῠ-Ῑθυῢὶἱω
710 259 849 342 bena
858 266 1006 336 civilia
1034 283 1192 340 oneum
1218 299 1332 338 ΘΜΉ
1369 298 1457 330 ῐθῐῦ
1474 286 1699 342 publicam
1737 287 1870 342 ipSam
1906 289 2039 332 multo
2078 289 2219 333 labore
2257 290 2302 333 et
2337 288 2537 345 sanguine
2578 288 2733 333 civium

420 356 489 415 Qa-
491 362 650 415 marte
656 356 904 424 moestam
926 353 1025 406 non
1036 357 1118 402 diu
1137 354 1471 414 permamuram,
1503 357 1578 401 sed
1604 358 1718 402 brevi
1748 358 2008 403 interituram
2037 373 2135 404 esse.
2205 359 2284 405 Cui
2314 359 2578 417 explicationi
2608 372 2735 415 quam

298 434 476 495 mm
493 432 722 481 mentre
744 429 949 476 aramum
976 428 1204 485 stropham
1272 428 1432 481 „Horaz
1462 428 1613 473 nimmt
1642 443 1721 473 nur
1751 429 1829 473 den
1859 429 2003 474 samin
2034 444 2098 485 an
2131 433 2194 476 als
2223 432 2330 476 habe
2361 431 2436 476 der
2465 430 2621 483 malt,
2663 431 2736 474 aar

265 494 531 571 mh
535 503 615 550 au
628 514 747 561 guoss
775 502 843 546 mr
871 497 960 545 sein
988 499 1170 546 Gedicht
1198 500 1271 553 sei,
1302 500 1374 543 ihu
1404 500 1702 544 unwillkfirlicb
1735 501 2006 557 fortgerissen.
2074 504 2157 547 Der
2187 504 2331 548 Zweek
2361 504 2435 547 der
2454 502 2634 559 Strophe
2663 503 2734 555 ist,

237 574 243 579 '
272 569 394 627 eldaa
391 576 557 634 imig'e
571 571 789 625 Interesse,
837 572 912 615 das
943 572 1016 615 der
1045 571 1217 615 Dichter
1246 584 1300 615 an
1331 572 1426 615 dem
1456 572 1595 615 Inhalt
1634 573 1721 624 hat,
1769 574 1846 615 den
1884 587 1927 615 er
1966 575 2007 617 in
2049 576 2119 618 der
2150 575 2236 619 Ode
2276 576 2480 628 darstellt,
2528 575 2614 618 und
2654 574 2735 617 den

166 687 173 695 ,
231 694 236 703 ί
290 642 436 696 Ernst.
449 645 563 689 der‘
549 659 593 689 ιιι
613 645 686 688 der
705 644 793 688 Ode
813 643 930 699 liegt,
953 643 1219 687 anzudeuten.
1231 647 1288 696 ¹)“

217 758 219 760 -
306 754 310 756 >
364 760 367 762 ,
411 759 413 765 .
474 729 576 772 Ae
594 728 777 789 prilnum
797 726 997 782 quidem'
985 740 1075 771 mre
1093 726 1322 783 meritoque
1342 726 1457 770 nobis
1478 740 1668 782 quaerere
1688 728 1886 781 videmur,
1918 743 2017 774 num
2047 732 2138 787 quis
2161 745 2247 776 rem
2278 733 2358 776 sibi
2378 732 2581 777 maximae
2608 744 2735 776 curae

162 833 163 836 η
203 787 216 849 'y
270 811 388 845 esse
422 798 624 844 eiusmodi
659 811 809 855 genere
852 798 1047 854 loquendi
1084 797 1285 851 declaret,
1325 799 1375 842 ut
1411 797 1542 854 fingat
1577 799 1796 843 materiam
1843 813 1885 843 se
1923 801 2127 858 attigisse,
2166 803 2218 847 ad
2256 817 2383 860 quam
2421 805 2610 848 accedere
2641 817 2722 848 non

294 870 496 916 dehaerit.
558 869 716 916 Deinde
755 870 834 914 hac
862 870 906 914 in
935 883 979 913 re
1010 869 1104 914 Sch.
1128 871 1257 923 errat,
1297 870 1406 926 quod
1443 871 1559 926 ponit
1587 871 1810 915 Horatium
1850 885 1944 916 cum
1985 874 2075 918 aliis
2116 876 2237 919 rebus
2266 878 2361 919 tum
2391 876 2466 919 illa
2499 877 2729 931 impulsum

289 955 383 987 esse
412 942 467 987 ad
503 943 580 986 hoc
604 944 767 985 carmen
802 942 1084 994 scribendum,
1123 943 1173 985 ut
1211 941 1407 997 principis
1447 942 1629 986 animum
1660 957 1684 986 a
1721 944 1889 987 consilio
1928 945 2150 1000 deponendi
2187 948 2460 1003 magistratus
2491 948 2727 990 abduceret.

296 1008 468 1059 Constat
496 1013 607 1057 enim
636 1013 830 1070 Augusto
859 1026 1024 1069 prorsus
1055 1026 1134 1057 non
1164 1013 1290 1056 fuisse
1320 1013 1365 1056 in
1394 1014 1530 1057 animo
1567 1015 1750 1058 recedere
1789 1028 1813 1058 a
1850 1017 2147 1072 gubernaculis,
2195 1019 2279 1072 sed,
2327 1021 2377 1062 ut
2417 1021 2507 1063 erat-
2538 1019 2728 1072 calliduS,

265 1084 557 1134 ,simulatione
603 1098 699 1130 eum
743 1099 865 1128 usum
911 1098 1011 1138 esse,
1059 1085 1166 1128 unde
1196 1086 1379 1128 fructum
1423 1085 1727 1141 utilitatemque
1773 1100 1859 1130 sese
1899 1094 2185 1144 percepturum
2226 1093 2462 1146 speraret.2)
2495 1091 2728 1147 Agrippam

295 1158 658 1220 Maeeenatemque
704 1158 886 1212 primum
924 1158 966 1200 in
1009 1157 1228 1200 consilium
1274 1156 1539 1209 adhibuerat,
1591 1161 1640 1202 ut
1687 1159 1786 1213 quid
1832 1147 2049 1214 sentirent,
2092 1176 2138 1205 ex
2187 1163 2239 1205 iis
2281 1163 2616 1214 sciscitaretur‚³)
2656 1163 2728 1206 sed

6 1224 45 1260 r
291 1227 535 1291 priusquam
591 1228 830 1281 consiliariis
884 1229 969 1272 suis
1022 1242 1109 1272 rem
1157 1229 1374 1284 tamquam
1418 1227 1719 1273 diiudicandam
1765 1234 2005 1287 proponeret
2049 1234 2102 1277 ad
2149 1236 2417 1290 senatumque
2464 1234 2583 1290 quasi
2626 1234 2729 1278 nihil

0 1284 91 1365 313³
113 1292 117 1298 ’
294 1300 531 1355 opinantem
561 1301 741 1353 referret,
776 1301 814 1344 ei
845 1302 1005 1344 certum
1036 1302 1125 1344 erat
1154 1300 1374 1356 imperium
1408 1302 1713 1357 potentiamque
1733 1303 1964 1359 retinere;⁴)
1995 1305 2119 1349 etiam
2139 1306 2257 1359 illud,
2290 1306 2390 1362 quid
2422 1308 2588 1350 senatus
2619 1308 2730 1349 esset

0 1374 106 1455 3⁸24*ss
293 1372 574 1427 responsurus,
605 1371 745 1415 multo
775 1372 871 1416 ante
902 1384 1028 1427 quam
1049 1371 1091 1415 in
1114 1371 1228 1415 curia
1247 1372 1371 1416 verba
1391 1371 1593 1428 faceret,⁵)
1615 1374 1827 1430 cognitum
1846 1375 2035 1419 habebat.
2097 1377 2294 1420 Horatius
2330 1378 2366 1421 si
2386 1378 2533 1421 scisset
2551 1377 2730 1433 pendere

0 1431 110 1504 Jjesf'i‘g*
293 1442 421 1495 animi
451 1443 706 1499 Augustum,
738 1445 880 1487 utrum
901 1443 959 1487 rei
978 1443 1168 1500 publicae
1187 1444 1396 1499 praeesset
1415 1456 1468 1486 an
1487 1444 1669 1499 privatus
1689 1445 1845 1490 viveret
1863 1448 2013 1503 populo
2034 1461 2138 1505 rege,
2171 1449 2283 1492 idem
2299 1450 2334 1491 si
2355 1450 2577 1501 timuisset,
2610 1462 2661 1491 ue
2691 1449 2729 1491 si

0 1501 89 1577 {Z
291 1514 481 1571 princeps
523 1515 687 1558 clavum
730 1515 893 1571 imperii
935 1515 1088 1571 populo
1138 1514 1396 1567 reddidisset,
1443 1516 1576 1559 omnia
1615 1517 1878 1561 turbarentur
1918 1532 1966 1562 ac
2005 1521 2284 1573 miscerentur,
2332 1534 2412 1564 non
2451 1521 2727 1576 amphibolias

7 1596 47 1645 ᾗ,
293 1588 523 1642 aucupatus
554 1588 673 1639 esset,
705 1600 785 1629 non
816 1588 1061 1643 ambagibus
1092 1600 1192 1630 usus
1213 1588 1335 1639 esset,
1367 1589 1417 1629 ut
1437 1587 1615 1643 Augusti
1647 1589 1939 1644 cogitationem
1968 1605 1993 1633 a
2012 1594 2217 1647 proposito
2238 1596 2455 1645 averteret,
2489 1593 2561 1635 sed
2582 1595 2726 1647 aperto

0 1652 13 1660 '⁴
150 1649 153 1653 ’
298 1659 503 1713 planoque
544 1671 691 1713 genere
730 1658 914 1702 dicendi.
975 1659 1042 1702 An
1079 1658 1228 1701 iniuria
1256 1658 1468 1713 loquimur
1498 1658 1547 1702 de
1574 1659 1834 1714 amphiboliis
1865 1663 1987 1717 atque
2017 1664 2277 1720 ambagibus,
2311 1678 2406 1708 cum
2438 1677 2488 1708 ne
2519 1664 2728 1708 levissimo

293 1728 459 1783 quidem
489 1728 725 1772 testimonio
746 1729 839 1773 Sch.
868 1729 1054 1784 probarit
1083 1730 1266 1785 potuisse
1286 1729 1361 1772 illa
1390 1730 1525 1772 aetate
1545 1730 1727 1773 homines
1759 1732 1795 1774 si
1825 1733 1959 1776 minus
1979 1735 2189 1789 perspicue
2220 1748 2475 1790 cognoscere,
2508 1738 2554 1779 at
2582 1738 2725 1779 tamen

293 1799 524 1843 coniectura
553 1800 795 1854 perspicere,
828 1813 908 1855 quo
939 1802 1039 1844 haec
1071 1800 1121 1844 de
1140 1800 1287 1844 Troiae
1307 1800 1461 1843 excidio
1492 1800 1630 1843 fabula
1647 1802 1832 1845 valeret?
1863 1803 1953 1847 Iam
1974 1817 2064 1847 vero
2096 1806 2185 1860 quis
2216 1817 2289 1860 pro
2322 1807 2432 1849 certo
2455 1807 2725 1850 affirmaverit

291 1872 561 1915 iniucundum
582 1873 770 1915 futurum
790 1873 914 1916 fuisse
934 1872 1121 1923 Horatio,
1145 1872 1180 1914 si
1200 1872 1418 1927 Augustus
1438 1872 1625 1925 promissi
1646 1886 1804 1916 memor
1823 1876 1951 1918 talem
1979 1877 2036 1918 rei
2062 1877 2248 1930 publicae
2274 1877 2445 1920 modum
2467 1878 2724 1932 formamque

514 2112 539 2154 1)
564 2120 600 2155 p.
629 2111 684 2146 16.
711 2130 757 2136 -
782 2112 812 2153 ²)
839 2109 938 2146 Cass.
967 2110 1037 2145 Dio
1063 2109 1163 2145 Lm.
1191 2110 1223 2145 2.
1251 2112 1283 2146 e.
1311 2130 1356 2137 -
1382 2112 1412 2154 ε)
1437 2109 1486 2145 id.
1512 2109 1590 2144 LII.
1622 2110 1750 2145 2—42.
1778 2130 1819 2135 -
1846 2112 1876 2154 ⁴)
1906 2109 1954 2145 id.
1981 2109 2060 2144 mr.
2086 2111 2142 2144 41.
2173 2111 2202 2144 1.

506 2182 535 2228 ⁶)
564 2180 777 2218 Orationem
808 2181 907 2227 apud
941 2183 1107 2218 senatum
1139 2180 1303 2218 habitam
1339 2182 1397 2228 (cf.
1433 2180 1471 2218 C.
1505 2181 1549 2218 D.
1575 2181 1676 2219 LIII.
1703 2181 1835 2225 3-11)
1862 2181 1924 2227 qui
1955 2181 2130 2217 attentius
2162 2181 2373 2233 perlegerit,
2404 2193 2486 2218 eum
2511 2183 2571 2218 vix
2594 2182 2723 2229 fugere

293 2242 432 2288 poterit
447 2242 668 2290 Augustum,
694 2251 912 2295 quamquam
936 2251 1052 2288 paene
1077 2240 1255 2278 submisse
1280 2251 1319 2277 se
1345 2243 1461 2288 gerat,
1487 2244 1607 2277 tamen
1632 2241 1724 2277 nihil
1750 2241 1850 2277 aliud
1874 2241 1989 2277 facere
2014 2241 2083 2276 nisi
2108 2252 2160 2283 ea,
2188 2252 2279 2286 quae
2304 2242 2472 2288 gesserit,
2498 2252 2724 2289 magnopere

293 2301 477 2345 extollere,
510 2303 665 2338 maiores
691 2303 860 2347 expetere
884 2302 1040 2337 honores
1065 2301 1328 2347 ostendereque
1357 2302 1537 2337 neminem
1566 2312 1603 2335 se
1632 2312 1710 2336 esse
1743 2302 1860 2347 magis
1892 2301 2059 2336 idoneum
2092 2300 2138 2336 ad
2170 2301 2356 2337 civitatem
2381 2301 2721 2339 administrandam

288 2361 410 2399 Aliter
440 2373 522 2398 eum
555 2362 702 2405 sentire,
729 2361 838 2397 aliter
862 2361 963 2407 loqui
995 2371 1129 2403 omnes,
1165 2361 1229 2408 qui
1253 2360 1407 2397 aderant
1431 2361 1468 2397 in
1500 2363 1637 2402 senatu,
1670 2372 1742 2397 non
1775 2360 2003 2406 ignorabant.
2062 2360 2160 2404 Quae
2203 2361 2322 2397 oratio
2356 2364 2533 2406 quantum
2561 2362 2723 2398 valum-it

290 2422 388 2468 apud
413 2425 602 2460 senatores
615 2448 626 2466 ,
649 2421 746 2458 belle
771 2423 884 2468 atque
909 2421 1099 2468 eleganter
1124 2420 1319 2467 descripsit
1349 2423 1459 2467 atque
1492 2420 1654 2466 depinxit
1677 2420 1748 2456 Dio
1782 2419 1893 2466 (LIII.
1923 2421 1991 2465 11).
2042 2419 2093 2456 Ut
2126 2420 2222 2456 enim
2246 2421 2404 2466 principi
2429 2420 2723 2459 demonstrarent

289 2492 328 2517 se
352 2481 462 2528 plane
477 2482 725 2529 intellexisse,
752 2480 841 2527 quid
867 2479 939 2517 sibi
956 2483 1054 2517 esset
1069 2480 1286 2522 faciendum,
1312 2480 1550 2517 decreverunt
1566 2481 1597 2515 ei
1629 2481 1756 2516 statim
1782 2491 1891 2516 novos
1917 2491 1958 2516 ac
1982 2481 2134 2515 maiores
2158 2480 2325 2522 honores,
2353 2491 2462 2526 quam
2488 2481 2621 2527 quibus
2645 2482 2720 2518 iam

287 2539 463 2588 florebat3
489 2541 616 2579 eodem
644 2552 739 2578 anno
765 2541 878 2577 etiam
904 2540 1073 2588 Augusto
1099 2551 1302 2588 cognomen
1328 2541 1363 2576 ei
1387 2539 1513 2576 datum
1548 2542 1602 2575 est
1627 2538 1681 2586 (C.
1706 2540 1752 2575 D.
1778 2539 1877 2576 LIII.
1907 2540 1959 2575 16.
1987 2540 2034 2584 6).
2060 2560 2104 2565 -
2128 2539 2253 2575 Fictas
2278 2550 2358 2576 esse
2383 2543 2423 2576 et
2447 2542 2721 2578 commenticias

287 2601 474 2649 Agrippae
509 2613 552 2638 ac
575 2601 802 2638 Maecenatis
837 2601 1033 2644 orationes,
1067 2600 1199 2647 quibus
1233 2601 1321 2647 quid
1352 2601 1423 2637 Dio
1457 2602 1598 2636 secutus
1632 2600 1692 2643 sit,
1726 2599 1911 2636 subtiliter
1941 2599 2112 2636 disseruit
2135 2599 2343 2646 Rothkegel
2373 2600 2435 2644 (cf.
2486 2600 2618 2647 Einige
2649 2601 2722 2638 Be·

287 2661 534 2712 trachtungen
556 2660 649 2698 uber
674 2660 731 2700 die
754 2660 856 2698 Rode
881 2660 945 2697 des
969 2661 1139 2698 Miconas
1172 2659 1233 2697 bei
1258 2660 1405 2699 Cassius
1429 2660 1511 2696 Dio.
1542 2658 1844 2696 Gross-Strehlitz
1872 2659 1963 2696 1873
1996 2670 2030 2705 p.
2065 2661 2088 2694 4
2114 2661 2217 2705 sqq),
2243 2670 2309 2705 pro
2339 2663 2441 2696 certo
2466 2663 2506 2697 et
2529 2661 2720 2707 explorato

282 2724 346 2758 est
368 2721 589 2760 habendum.
639 2721 898 2758 Verumtamen
924 2720 964 2757 id
980 2721 1108 2768 negari
1124 2732 1197 2757 non
1213 2723 1339 2767 potest
1361 2723 1486 2767 patere
1510 2719 1568 2755 his
1584 2719 1819 2763 orationibus,
1850 2719 1937 2765 quid
1955 2719 1999 2755 de
2017 2718 2207 2756 Octaviani
2232 2719 2422 2756 dominatu
2447 2732 2481 2757 a.
2508 2722 2579 2757 727
2597 2732 2721 2758 sense·

0 2800 12 2832 3
178 2819 181 2821 ,
287 2781 367 2824 rint
389 2782 566 2817 homines.
617 2781 861 2817 Vehementer
886 2783 996 2823 errat,
1028 2781 1092 2825 qui
1114 2783 1225 2825 putat
1248 2781 1448 2817 haesitasse
1473 2779 1717 2821 Octavianum,
1752 2782 1874 2814 utrum
1906 2782 2153 2823 perseveraret
2183 2790 2348 2824 praeesse
2382 2780 2528 2816 civitati
2561 2792 2609 2817 an
2642 2782 2720 2818 otio

3 2830 44 2883 ἓὲϊ
287 2839 387 2877 dulci
419 2840 680 2887 perfrueretur.
729 2839 939 2877 Recedendi
964 2850 987 2877 a
1011 2838 1269 2896 gubernaculis
1292 2839 1436 2887 imperii
1460 2839 1719 2887 cogitationem
1758 2838 1831 2875 iam
1863 2837 1926 2875 diu
1961 2837 2024 2875 ille
2055 2837 2201 2884 quidem
2234 2837 2428 2876 abiecerat.
2464 2839 2537 2877 vid.
2572 2840 2719 2879 Hoeck:

0 2892 21 2909 ”’
284 2898 480 2937 Remisehe
514 2899 735 2938 Geschiohte
768 2910 849 2936 vom
882 2899 1024 2937 Verfall
1048 2897 1114 2936 der
1137 2899 1322 2946 Republik
1351 2899 1409 2935 bis
1439 2910 1500 2935 zur
1522 2897 1754 2941 Vollendung
1788 2897 1852 2933 der
1875 2898 2086 2933 Monarchie
2116 2901 2224 2934 anter
2253 2898 2475 2935 Constantin
2510 2900 2540 2936 Ι.
2565 2901 2594 2936 Ι.
2620 2899 2657 2946 Ρζ
2687 2905 2718 2937 1.

286 2957 529 3006 Quamquam,
553 2963 598 2997 ut
621 2960 799 3007 probaret
822 2971 889 2997 nec
906 2959 1105 2996 Antonium
1122 2959 1201 2996 iure
1217 2960 1290 3006 ipsi
1307 2958 1506 2996 obiectasse
1522 2969 1587 2994 nec
1602 2955 1827 2994 adversarios
1843 2957 2036 2994 nonnullos
2062 2956 2243 2995 obiectare
2268 2959 2451 3005 regnandi
2475 2959 2722 3006 cupiditatem

285 3020 325 3055 et
338 3020 538 3068 periurium
557 3020 673 3068 (Suet.
698 3020 764 3057 vit.
781 3020 877 3067 Aug.
904 3019 989 3068 28.),
1015 3030 1059 3056 eo
1082 3019 1203 3056 minus
1220 3019 1438 3057 descendere
1461 3017 1656 3055 dubitabat
1680 3017 1727 3054 ad
1752 3016 1990 3053 simulandam
2008 3017 2127 3061 fidem,
2154 3019 2417 3055 continentiam
2434 3020 2723 3067 satietatemque

288 3089 410 3117 rerum
445 3090 610 3118 summae
643 3079 964 3123 administrandae,
990 3079 1088 3127 quod
1120 3079 1288 3117 idoneam
1320 3079 1392 3116 sibi
1421 3077 1610 3115 videbatur
1642 3080 1771 3114 nactus
1804 3088 1882 3114 esse
1910 3077 2136 3115 occasionem
2160 3078 2349 3125 augendae
2373 3081 2571 3126 potestatis
2605 3083 2722 3128 atque

283 3139 531 3178 auctoritatis.
580 3140 710 3188 Neque
740 3151 827 3178 vero
861 3139 1104 3178 dubitandum
1136 3143 1204 3184 est,
1237 3141 1325 3187 quin
1356 3140 1603 3176 Maecenatem
1634 3138 1917 3186 Agrippamque,
1950 3138 2163 3184 priusquam
2197 3138 2307 3176 verba
2336 3139 2475 3177 faceret
2506 3141 2546 3177 in
2574 3144 2725 3187 senatu,

283 3197 496 3237 adhibuerit
524 3200 573 3236 ad
604 3200 806 3244 consilium,
842 3202 887 3236 ut
910 3202 950 3236 et
972 3199 1127 3244 audiret,
1155 3200 1242 3246 quid
1274 3200 1347 3246 ipsi
1379 3200 1566 3237 censerent
1598 3200 1638 3235 et
1668 3209 1734 3244 per
1758 3209 1819 3234 eos
1850 3201 2057 3235 senatorum
2088 3199 2227 3235 animos
2259 3202 2424 3237 tentaret
2458 3201 2576 3246 (LIII.
2607 3202 2640 3237 2.
2669 3203 2718 3245 7)

284 3254 456 3301 ΟΙιΝίιιΝ
488 3259 584 3299 enim
620 3270 797 3297 oensem
829 3260 862 3296 si
893 3259 1087 3305 imperium
1119 3259 1167 3296 ad
1197 3270 1236 3296 se
1261 3262 1304 3297 et
1331 3260 1514 3297 nolentem
1545 3260 1582 3294 et
1613 3259 1842 3295 recusantem
1871 3256 1991 3294 denuo
2026 3257 2188 3295 delatum
2220 3262 2327 3303 esset,
2359 3260 2534 3306 sperabat
2564 3261 2642 3298 fore
2676 3265 2724 3299 ut

279 3315 483 3354 adversarii
509 3329 582 3355 non
607 3319 829 3356 auctoritate
854 3317 1069 3364 opibusque,
1094 3318 1160 3355 sed
1183 3319 1313 3366 lingua
1336 3321 1505 3365 potentes
1529 3328 1676 3364 prorsus
1702 3317 2002 3354 obmutescerent.

2478 3394 2500 3429 2
