2920 3717
366 8 378 16 ν
416 23 445 33 .,
475 0 1995 49 ·wn1³⁸wff⁰5ffl‘
2102 0 2114 9 ·“

671 39 679 52 ι
792 48 848 56 „
864 36 889 51 ,ξ
942 62 946 66 Α
1099 48 1107 58 x
1135 39 1156 52 -ι-
1206 62 1208 64 Υ
1315 42 1319 44 π
1335 45 1367 71 5⁴,
1513 49 1559 69 3.
1683 37 1700 59 ,ψ’
1715 37 1737 59 *1
1856 51 2020 74 ,
2048 34 2185 66 ’fr-5²:⁴³2».

1454 122 1586 207 11,

199 274 208 283 “
238 274 402 330 ἀπή,
433 273 639 322 rationein
658 275 810 321 ducere
829 276 1024 331 volueris,
1054 278 1239 335 partium
1258 277 1541 324 convenientia
1557 280 1737 326 tollatur
1763 280 1951 326 versibus
1981 277 2380 342 49—52’ntegr'u
2405 275 2754 340 amna-fla„

237 343 354 400 affl
389 347 502 403 quod
538 347 619 390 hac
656 356 739 390 una
774 348 949 404 stropha
986 349 1210 405 exstirpata
1246 348 1430 404 partium
1471 350 1741 407 congruentia
1776 353 1821 396 et
1856 351 2086 408 aequalitas
2122 363 2205 396 non
2240 346 2703 404 tameffieiturffnn‘
2736 349 2773 422 [κ

241 416 529 474 dirumpitur?
569 417 738 461 Etenim
768 419 961 472 lucidior,
989 419 1126 474 credo,
1158 422 1222 464 est
1250 419 1325 462 1118
1342 410 1629 466 convenientia
1658 423 1749 479 pari
1778 434 1904 479 quam
1934 424 2085 480 impari
2113 423 2377 480 thophet-um
2402 429 2590 467 numo
2592 415 2694 464 100-

239 490 408 546 h'usque
433 503 459 534 a
481 499 602 534 versu
625 491 680 534 57
715 503 844 546 quam
864 503 891 535 a
910 504 1033 537 versu
1055 495 1112 537 65
1144 491 1303 537 orditur
1332 491 1452 545 illud,
1483 493 1596 549 quod
1622 494 1841 550 appellant
1874 495 2166 553 ,ΗΜ
2199 495 2271 552 qai
2296 492 2567 552 symoniae
2591 495 2693 544 suae

238 562 467 617 plurimum
497 562 693 606 tribuunt
720 564 998 628 stu-ophasqssee
1035 565 1183 609 vocant
1213 564 1267 608 ad
1296 564 1479 609 calmilos
1519 578 1713 630 (πωπω,
1760 567 1898 623 'quoad
1933 567 2040 612 ratio
2080 569 2254 621 0088101,
2296 567 2528 613 neomuto
2566 551 2704 621 810110,

240 635 484 678 castrantes
495 634 525 690 ¹)
547 658 608 666 —
630 631 780 691 Neque
802 648 910 688 vero,
944 649 1049 693 quae
1079 636 1131 680 de
1159 636 1307 680 ultima
1336 637 1506 692 stropha
1536 626 1585 681 P.
1609 638 1815 691 disseruit,
1835 638 1984 683 multis
2013 639 2307 695 probabuntur.
2353 638 2458 692 „Dio
2486 634 2696 683 feierliche
2730 692 2733 694 ,

239 705 526 763 Verfluchung
556 706 701 763 Trojas
735 707 791 751 ist
821 708 1170 764 ausgesproohen;
1208 708 1260 751 da
1289 707 1454 752 besinnt
1485 709 1575 752 sich
1603 710 1679 753 der
1708 709 1889 766 Sanger.
1931 710 2039 764 nein,
2076 711 2153 756 (188
2182 712 2241 756 181
2268 711 2366 756 kein
2391 710 2505 756 storf
2525 707 2597 757 {fir
2623 707 2696 752 (110

236 776 310 820 der
329 776 493 822 Freude
514 778 762 835 gewidmete
782 780 941 824 Leier.⁴⁴
991 781 1051 824 At
1072 780 1218 824 Musae
1238 778 1353 835 quasi
1375 779 1536 823 laetitia
1566 779 1790 824 exsultanti
1821 794 1895 824 nee
1927 782 1970 824 id
2002 794 2166 826 carmen
2197 783 2399 835 convenit,
2430 783 2474 827 in
2503 794 2603 838 quo
2613 780 2694 824 dea

234 849 411 908 fingitur
440 860 656 895 exsecrans
688 852 733 895 in
764 852 963 919 Troianos
993 865 1068 896 nec
1097 852 1254 908 reliqua
1284 850 1463 907 quinque
1494 853 1693 904 carmina,
1731 865 1836 908 quae
1873 853 2110 897 admirabili
2149 854 2368 911 divinaque
2397 856 2487 910 arte
2514 854 2564 897 Ρ.
2595 865 2691 897 011111

234 922 361 965 101110
393 935 546 966 conexa
566 926 719 967 cernet.
768 923 852 967 Om-
879 937 974 968 vero
1005 925 1084 968 nisi
1113 924 1155 967 in
1184 923 1305 968 tertio
1336 923 1516 967 carmine
1557 937 1637 967 non
1672 924 1895 968 confitetur
1924 926 2047 980 poeta
2076 925 2268 983 attigisse
2295 939 2341 970 se
2381 925 2550 981 aliquid,
2582 923 2692 981 quod

236 1005 383 1038 canere
413 1007 496 1039 non
516 995 738 1039 debuerit?
769 995 860 1049 Quo
882 996 975 1052 quis
996 996 1172 1051 amplius
1191 997 1316 1050 atque
1336 995 1515 1051 gravius,
1556 997 1711 1051 opinor,
1759 997 2054 1053 argumentum
2084 997 2211 1040 huius
2241 998 2435 1042 carminis
2466 996 2689 1050 existimat,
2723 1008 2727 1013 ·

234 1079 317 1121 quo
356 1067 624 1122 artificiosius
665 1057 789 1125 putat
829 1081 995 1112 carmen
1034 1068 1305 1123 compositum
1346 1080 1446 1120 esse,
1487 1080 1534 1111 eo
1565 1068 1704 1111 minus
1735 1067 1956 1112 concedere
1987 1069 2125 1123 potest
2154 1069 2321 1123 poetam
2351 1068 2473 1113 fateri
2501 1069 2546 1113 in
2576 1068 2689 1114 exitu

235 1137 428 1182 debuisse
459 1151 548 1182 sese
579 1139 787 1183 abstinere
818 1151 844 1182 a
875 1141 1012 1183 cantu.

455 1223 623 1275 Eorum,
658 1236 763 1278 quae
795 1225 938 1266 contra
970 1223 1218 1275 Schulzium,
1250 1223 1574 1279 Bambergerum
1594 1223 1912 1279 Pluessiumque
1943 1223 2038 1276 dixi,
2061 1223 2197 1267 multa
2217 1222 2422 1278 quadrant
2442 1219 2494 1266 ¹in
2515 1223 2688 1267 Kieselii

232 1293 673 1350 interpretationem,2)
690 1293 762 1349 qui
779 1305 1033 1349 quamquam
1047 1295 1089 1337 in
1100 1294 1240 1337 limine
1254 1294 1475 1350 opusculi³)
1493 1307 1634 1338 eorum
1653 1294 1786 1350 carpit
1801 1295 2094 1346 temeritatem,
2112 1294 2183 1350 qui
2193 1294 2360 1338 Horatii
2375 1294 2688 1350 explicationem

231 1378 313 1408 non
344 1365 398 1408 ad
430 1377 597 1409 carmen
626 1365 766 1421 ipsum
798 1363 997 1422 dirigunt,
1030 1365 1100 1409 sed
1131 1365 1184 1408 ad
1213 1365 1395 1421 ipsorum
1415 1366 1704 1421 opinationem,
1737 1366 1779 1409 in
1811 1366 1986 1410 eundem
2016 1366 2163 1410 incidit
2190 1379 2380 1410 errorem.
2442 1366 2575 1410 Putat
2612 1378 2686 1409 au-

230 1438 318 1481 tem
359 1436 415 1481 K.
457 1437 617 1481 moneri
656 1426 885 1493 principem
925 1437 1003 1481 hoc
1034 1437 1222 1490 carmine,
1254 1450 1302 1480 ne
1332 1437 1548 1495 indulgeat
1591 1438 1653 1490 iis,
1697 1451 1723 1482 a
1763 1437 1912 1494 quibus
1950 1438 2142 1483 iubeatur
2171 1438 2394 1504 imperium
2432 1438 2685 1495 deponere.⁴)
2739 1446 2742 1448 '

229 1508 363 1553 Nulla
393 1511 536 1554 autem
568 1509 653 1553 alia
684 1521 727 1552 re
758 1509 839 1553 nisi
869 1510 1030 1566 patriae
1060 1521 1196 1553 amore
1226 1509 1453 1565 impulsum
1484 1523 1571 1554 esse
1602 1511 1781 1567 poetam,
1822 1511 1871 1554 ut
1902 1509 2001 1566 quid
2032 1510 2097 1554 sui
2137 1512 2245 1564 esset
2273 1510 2448 1564 consilii,
2486 1511 2682 1567 aperiret3

228 1582 419 1626 timuisse
452 1582 578 1635 enim,
618 1595 668 1625 ne
699 1582 736 1625 si
766 1581 988 1639 Augustus
1018 1584 1311 1638 perseverasset
1340 1582 1382 1626 in
1414 1596 1491 1633 sua,
1527 1584 1741 1637 sententia,
1785 1583 1858 1627 illa
1898 1585 2086 1639 tempora
2123 1583 2317 1638 redirent,
2358 1584 2508 1640 quibus
2547 1583 2684 1628 omnia

228 1654 496 1698 nascerentur
526 1653 643 1707 vitia,
677 1666 782 1709 quae
814 1653 1029 1698 civitatem
1059 1653 1321 1698 Troianorum
1351 1654 1672 1711 perdidissent.⁵)
1734 1655 1854 1699 Hanc
1885 1656 2044 1699 rectam
2070 1667 2290 1712 veramque
2320 1667 2408 1699 esse
2438 1655 2684 1711 interpreta-

226 1727 384 1770 tionem
421 1726 517 1769 inde
556 1739 719 1781 quoque
757 1739 877 1781 posse
916 1727 1116 1782 intellegi,
1156 1727 1262 1781 quod
1302 1728 1344 1769 in
1384 1730 1497 1771 sexto
1541 1729 1720 1771 carmine
1752 1716 1911 1771 eadem*
1927 1728 2030 1771 vitia
2061 1729 2316 1784 castigentur
2355 1741 2403 1771 ac
2435 1729 2683 1771 damnentur

448 1882 473 1925 ¹)
499 1880 633 1915 Melius
665 1879 903 1924 stropharum
930 1879 1190 1925 aequalitatem
1225 1878 1403 1914 effinxisse
1436 1876 1620 1921 putandus
1647 1879 1704 1912 est
1729 1876 1911 1920 Prienius,
1936 1877 2131 1913 acerrimus
2156 1880 2409 1923 propugnator
2435 1876 2677 1923 symmetriae.

224 1940 299 1977 vid.
316 1940 447 1977 Rhein.
466 1940 560 1976 Mus.
579 1940 684 1976 XIII.
700 1940 789 1983 3633
804 1939 848 1976 cf.
875 1943 1063 1985 praetera:
1088 1939 1157 1977 Die
1171 1937 1383 1990 Symmetrie
1396 1936 1471 1974 und
1484 1937 1711 1983 Responsion
1729 1935 1793 1973 der
1810 1937 2055 1984 sapphischen
2072 1936 2147 1973 und
2171 1936 2405 1974 horazischen
2425 1935 2513 1973 Ode.
2531 1935 2684 1974 Liibeck.

228 2000 332 2038 1865.
382 2000 419 2036 Is
452 2000 648 2046 septimam
675 2000 890 2035 et-tertiam
917 1999 1093 2035 decimam
1124 1999 1309 2045 stropham
1335 2009 1356 2034 a
1381 1996 1532 2034 librario
1557 1997 1653 2033 male
1679 2008 1767 2033 sano
1800 1997 1951 2035 carmini
1976 1997 2151 2033 insertam
2186 2008 2264 2033 esse
2291 1996 2492 2039 contendit,
2531 2007 2621 2043 quas
2646 1996 2677 2032 si

225 2060 435 2104 sustuleris,
474 2060 634 2106 partium
662 2059 956 2095 convenientiam
986 2060 1114 2095 nitere.
1164 2059 1246 2095 Non
1269 2068 1376 2104 posse
1402 2061 1524 2094 autem
1557 2057 1730 2100 dubitari,
1759 2058 1847 2103 quin
1872 2058 2058 2103 strophae,
2099 2067 2188 2102 quas
2215 2058 2408 2098 nominavi,
2451 2057 2678 2093 adventiciae
2731 2086 2737 2097 ,

224 2121 319 2164 81111;
345 2120 435 2166 quid
462 2121 559 2156 enim
586 2120 688 2156 aliud
715 2131 795 2156 esse
821 2119 956 2156 callum
982 2118 1161 2166 quoddam
1187 2118 1362 2156 obducere
1386 2117 1579 2155 verborum
1604 2118 1805 2154 rusticitati
1831 2120 1869 2154 et
1894 2117 2092 2159 1018811811,
2120 2117 2151 2153 81
2178 2117 2246 2154 hoc
2272 2129 2345 2154 non
2372 2119 2429 2153 est
2454 2117 2549 2153 ferre
2574 2116 2677 2154 istud

225 2180 437 2223 „adulterae
463 2181 625 2216 famosus
643 2181 800 2226 hospes-⁴.
822 2179 1038 2222 „Hectoreis
1056 2178 1205 2225 opibus‘·
1225 2182 1267 2215 ut
1283 2179 1327 2216 ab
1346 2179 1501 2215 Horatio
1520 2178 1687 2215 dict-um?
1713 2178 1856 2215 Vellem
1873 2178 2042 2214 Prienius
2069 2178 2100 2213 si
2118 2188 2191 2213 non
2216 2170 2344 2221 fusius,
2370 2179 2411 2214 at
2427 2180 2525 2214 certe
2552 2177 2677 2223 paucis

224 2241 465 2287 exposuisset,
505 2252 569 2277 cur
601 2241 693 2277 haec
725 2239 960 2276 intoleranda
991 2238 1063 2275 sibi
1094 2238 1311 2282 viderentur,
1350 2239 1445 2276 sicut
1477 2238 1632 2285 aperuit,
1670 2238 1758 2284 quid
1790 2238 1829 2274 in
1854 2238 1967 2274 tertia
1992 2237 2134 2274 decima
2158 2237 2312 2284 stropha
2337 2248 2375 2273 se
2403 2236 2614 2274 offenderet.
2640 2247 2674 2274 v.

222 2300 330 2336 infra.
382 2300 563 2346 Equidem
590 2300 769 2336 confiteor
794 2311 868 2335 non
894 2299 1014 2346 magis
1040 2310 1097 2335 me
1122 2300 1336 2345 perspicere,
1364 2299 1452 2345 quid
1473 2299 1527 2350 'sit
1560 2309 1772 2344 perversum
1797 2299 1835 2334 in
1861 2299 2019 2344 septima
2046 2298 2208 2344 stropha,
2236 2308 2344 2343 quam
2370 2298 2505 2343 qua'in
2529 2308 2569 2334 re
2594 2308 2679 2334 con-

223 2361 332 2397 sistat
357 2361 581 2407 symmetria,
610 2361 642 2395 si
660 2361 743 2406 quis
770 2362 971 2405 quaternas
998 2360 1168 2404 strophas
1194 2359 1291 2395 dicat
1316 2360 1457 2395 efficere
1483 2360 1653 2396 carminis
1671 2359 1786 2395 totius
1813 2360 1957 2404 partem
1984 2358 2028 2395 de
2046 2358 2512 2395 sententiarum-contextu
2528 2357 2676 2393 minime

221 2419 404 2456 laborans.
456 2420 584 2455 Veluti
610 2420 784 2465 strophas
813 2420 869 2455 15.
899 2420 954 2454 16.
984 2420 1039 2454 17.
1070 2418 1113 2453 18
1137 2418 1178 2454 P.
1205 2419 1291 2454 satis
1317 2419 1429 2454 habet
1455 2422 1622 2463 quartam
1649 2421 1762 2464 atque
1787 2418 1956 2454 ultimam
1981 2419 2124 2463 partem
2149 2418 2321 2454 carminis
2346 2416 2551 2463 appellum
2587 2417 2675 2463 quid

222 2490 308 2515 vero
341 2480 475 2516 ultima
500 2480 655 2525 stropha
679 2480 718 2515 in
743 2479 813 2515 hac
838 2481 948 2524 parte
974 2478 1144 2514 carminis
1160 2479 1227 2514 .vel
1251 2479 1288 2514 in
1313 2481 1392 2515 toto
1419 2479 1578 2514 carmine
1604 2477 1675 2514 sibi
1700 2478 1800 2518 velit,
1827 2477 1966 2514 frustra
1991 2478 2142 2529 quaeris·
2162 2477 2261 2523 apud
2285 2477 2482 2513 Prienium.

439 2539 680 2585 Symmetriae
698 2538 925 2575 Horatianae
943 2537 1151 2574 defensores
1177 2541 1349 2584 quantum
1375 2538 1585 2585 discrepent
1597 2539 1695 2574 inter
1712 2549 1802 2581 sese,
1829 2537 1931 2574 aliud
1948 2538 2059 2575 liceat
2084 2537 2215 2574 afferre
2233 2537 2448 2584 exemplum.
2475 2537 2673 2574 Hoelzerus

221 2599 373 2637 tertiam
398 2600 588 2646 stropham
614 2600 652 2636 in
678 2599 766 2637 c.1.
795 2599 840 2636 12
867 2597 1064 2636 delendam
1089 2600 1207 2645 putat,
1233 2601 1275 2636 ut
1299 2598 1539 2646 congruentia
1556 2601 1595 2636 et
1619 2598 1824 2645 aequalitas
1842 2596 2045 2651 splendeat.
2071 2597 2144 2635 vid.
2170 2597 2208 2635 Z.
2227 2597 2251 2635 f.
2271 2597 2305 2635 d.
2324 2596 2402 2636 (ἂν.
2423 2597 2515 2636 1866
2532 2608 2568 2645 p.
2586 2596 2676 2642 659,

222 2658 425 2696 Christium
457 2662 583 2696 contra
616 2660 648 2695 si
673 2658 790 2703 audis,
824 2658 884 2699 (cf.
911 2658 1050 2695 Metrik
1084 2657 1148 2694 der
1181 2657 1359 2695 Griechen
1392 2658 1468 2695 und
1499 2658 1642 2695 Romer.
1692 2658 1843 2705 Leipzig
1871 2657 1963 2695 1874
1987 2668 2023 2704 p.
2051 2658 2137 2703 639)
2170 2657 2264 2693 1111111
2288 2657 2373 2694 tolli
2406 2656 2526 2694 debet.
2579 2657 2672 2700 „Ein

220 2720 374 2756 anderes
399 2720 689 2766 markwardiges
714 2720 878 2765 Beispiel
904 2719 1219 2755 bietet...1
1250 2721 1301 2761 12,
1334 2720 1490 2756 welches
1517 2719 1581 2755 der
1606 2719 1859 2756 venusinische
1885 2719 2146 2756 Verskunnfler
2179 2719 2274 2755 nach
2297 2718 2382 2756 dem
2406 2717 2582 2755 Vorbilde
2607 2717 2673 2755 der
2745 2773 2749 2777 Ι

220 2779 376 2817 aweiten
401 2779 651 2826 olympischen
669 2779 748 2817 Ode
774 2779 838 2816 des
864 2778 1007 2816 Pindar
1031 2790 1072 2816 so
1080 2746 1264 2820 ‘dichteta
1290 2779 1373 2817 dass
1399 2791 1439 2817 er
1463 2790 1534 2817 von
1560 2778 1631 2816 den
1659 2778 1704 2816 15
1721 2779 1910 2826 Str-ophen
1934 2778 2064 2816 immer
2082 2777 2121 2826 je
2147 2777 2170 2815 3
2195 2789 2258 2816 sur
2281 2777 2433 2816 Einheit
2456 2777 2558 2815 einer
2581 2777 2673 2816 trio-

219 2837 372 2875 dischen
399 2837 548 2884 Gruppe
580 2839 775 2875 verbde
791 2859 837 2865 —
854 2838 1090 2884 Quantopere
1121 2837 1321 2875 dissideant
1344 2840 1383 2875 in
1408 2840 1595 2886 elegorum
1627 2839 1748 2884 poetis
1781 2837 1961 2890 subtiles
1973 2838 2031 2874 1111
2056 2838 2345 2881 ratiocinatores,
2373 2838 2519 2884 copiose
2557 2837 2666 2874 docet

218 2899 422 2946 Bubendey
447 2900 486 2934 in
511 2898 656 2935 libello:
706 2901 776 2936 Die
803 2900 1024 2948 symmetrie
1050 2899 1116 2936 der
1140 2903 1228 2936 16111.
1254 2900 1391 2948 Elegie.
1418 2900 1610 2947 Hamburg
1630 2901 1734 2938 1876.
1761 2900 1806 2936 cf.
1830 2892 2011 2946 imprimis
2037 2910 2116 2945 cap.
2137 2898 2256 2935 m
2297 2897 2408 2935 Haud
2441 2909 2557 2944 panea
2580 2895 2672 2934 mihi

218 2959 453 3006 placuerunt,
482 2969 576 3005 qnae
591 2959 885 2997 Boltzenthaline
906 2960 950 2997 in
967 2959 1273 2997 commentatione
1297 2959 1342 2998 de
1365 2971 1406 2998 10
1431 2960 1584 2997 metu-ica
1608 2961 1647 2997 et
1672 2959 1717 2997 de
1737 2970 1877 3007 genere
1902 2958 2048 2997 dicendi
2072 2958 2174 2997 Albii
2206 2958 2345 2997 Tibulli
2370 2957 2534 3004 (01181110
2563 2957 2673 3003 1874)

218 3022 349 3057 contra
372 3019 609 3067 symmetriae
635 3018 866 3057 Tibullianae
891 3021 1187 3070 propugnatores
1213 3020 1369 3067 scripsit.

436 3078 482 3115 In
506 3079 671 3125 proximo
701 3079 977 3127 philologorum
1009 3081 1192 3117 conventu
1225 3081 1411 3127 cognitum
1446 3083 1504 3117 est
1529 3080 1577 3117 ad
1600 3080 1761 3118 solutam
1794 3090 1940 3126 quoque
1965 3080 2166 3117 orationem
2192 3079 2378 3126 pertinere
2403 3076 2675 3125 symmetriam

215 3152 301 3178 nam
327 3139 429 3187 apud
452 3139 647 3176 Platonem
660 3139 820 3186 Hugius,
845 3141 1015 3178 Prienius
1040 3139 1141 3187 apud
1164 3139 1412 3187 Thucydidem
1437 3141 1540 3178 illam
1565 3152 1645 3178 sese
1666 3140 1955 3187 deprehendisse
1980 3143 2068 3178 sunt
2082 3139 2262 3187 prose-si.
2288 3137 2460 3176 Habeant
2484 3135 2557 3173 sibi
2581 3145 2676 3173 nova
2742 3163 2744 3165 >

212 3200 406 3244 1811801118,
433 3198 522 3235 (11118
550 3209 597 3234 110
620 3198 838 3236 Ρ1001118180
863 3211 964 3236 more
988 3200 1167 3243 recidant,
1195 3210 1286 3246 qnae
1310 3200 1478 3248 longiora
1500 3199 1706 3237 videantur

436 3262 467 3303 ²)
484 3258 541 3294 De
566 3257 713 3294 Horatii
738 3259 897 3295 carmine
921 3259 1067 3296 Iustum
1095 3261 1138 3296 et
1170 3261 1339 3296 tenacem
1363 3260 1708 3297 commentationem
1734 3259 1886 3306 scripsit
1911 3259 2064 3296 cneius
2086 3257 2225 3294 menei.
2275 3220 2499 3293 Dusaeldorf
2520 3255 2623 3292 1845.

435 3320 466 3365 ³)
492 3328 530 3366 p.
557 3317 591 3355 3.
620 3337 665 3346 —-
691 3318 720 3364 ⁴)
745 3328 781 3366 p.
809 3318 865 3356 18.
892 3340 936 3347 -
963 3320 991 3367 ⁸)
1021 3330 1056 3367 p.
1087 3319 1143 3357 1⁵.
