2920 3717
37 0 140 35 ⁷‘u''''‘'s.‘'
157 0 300 30 *s-t‘ss'ffhff-
318 0 522 29 “‘⁸''t·⁴-I,⁷‘‹‘;*T-''.‘=.·(
545 0 566 21 Γ.
603 0 621 27 “,
648 24 652 31 ,
668 10 670 13 ’
691 4 713 33 ’τέ
727 0 751 31 Γ.
826 0 840 21 -ῗ
869 0 874 3 “
886 0 914 26 ’,Ἀ
929 3 936 8 ’
955 2 960 6 “
976 10 1001 22 -u
1013 0 1111 32 1⁴:5⁴3?
1120 0 1173 34 ‘q'
1191 3 1208 29 .’
1224 0 1233 16 *
1257 0 1280 20 ¹-
1361 3 1377 12 '“
1389 0 2008 45 ””’ὶῩ’Ῐ>;”-”«ΐῖἦᾶῗἾῖῆΤ-’ῡὲζῗῖᾞῗ-Ὶῆἓῗᾷ.
2027 17 2038 25 -—
2062 26 2066 28 .
2102 7 2105 10 '
2168 27 2170 29 .
2286 19 2293 30 »,
2392 20 2397 25 -
2511 13 2518 20 ··
2589 10 2591 12 “
2617 18 2621 22 -
2660 12 2664 19 ¹

54 32 59 39 ¹
85 30 94 46 t
110 28 265 60 .,“.,ι·κ,”;,.’,““-’
311 25 381 59 ‘'i-{5}
399 27 437 60 '2⁶2
449 32 475 44 ’Ὗ
504 34 522 55 Γ
538 47 546 57 .
647 34 661 52 Τ
785 26 825 49 ¹⁷?
868 38 871 42 ·
966 34 1039 44 ”
1082 28 1089 61 ’ζ
1141 40 1162 50 .›
1193 32 1200 42 ³
1215 36 1218 37 ⁷
1256 36 1262 54 2
1294 52 1296 57 ,
1452 29 1454 31 ’
1494 32 1501 50 ’κ
1521 38 1528 45 ³
1549 29 1560 47 ’ς
1601 23 1608 39 ⁸
1671 44 1675 49 ·
1691 20 1956 57 ‘³3⁸1·‚*''*›>*1.‹''''‘
1979 46 1988 50 ‹·
2001 27 2064 57 ''J-²<
2132 30 2191 56 κ’..Ἵ
2267 35 2315 57 ’ἂν
2331 26 2387 61 vi'
2451 43 2464 49 ¹
2504 25 2512 35 ἱ
2529 28 2544 54 §-

62 56 123 74 ⁴⁷⁴.»
172 58 234 71 ,Ur
355 58 384 73 ,ἡ
469 68 476 75 ἱ
528 60 535 70 ,Δ
592 62 596 67 ,
652 60 657 65 1
756 72 762 76 ἢ
807 68 810 72 p
866 62 868 64 .
918 61 923 67 ,
1042 63 1059 68 ,,
1115 55 1137 74 ι.
1205 57 1208 60 -
1472 63 1491 77 (Α
1530 57 1548 79 ¹-
1585 57 1667 69 ‚›.,-
1722 65 1723 68 ,
1811 63 1824 77 a
1888 49 2010 78 „ng-„A
2075 57 2112 69 ψ.
2138 51 2362 82 -‹·⁴·’·*‚',e·‘'*'vs
2446 67 2453 78 ὲ

1452 162 1517 228 20,
1567 161 1571 164 ⁴

244 310 372 358 iustis
401 313 644 369 meritisque
674 310 869 356 laudibus
901 314 1087 359 exornari
1117 316 1162 359 et
1191 313 1384 358 decorari.
1397 314 1427 370 ¹)
1478 314 1548 358 Ad
1578 315 1680 359 haec
1709 316 1850 360 omnia
1878 316 2058 360 breviter
2086 279 2198 360 licet>
2214 313 2466 372 respondere.
2514 297 2717 379 Augusti.
2759 318 2762 322 ’
2788 329 2813 342 ⁴·

246 385 370 441 quasi
400 385 647 442 praeteriens
677 385 931 428 mentionem
962 386 1067 430 facit
1096 388 1217 443 poeta
1245 385 1287 428 in
1317 385 1533 429 undecimo
1564 388 1609 431 et
1638 386 1881 432 duodecimo
1911 401 2052 441 versu3
2091 390 2303 444 praeterea
2330 386 2434 432 nihil
2465 386 2613 443 potest
2632 389 2702 430 re-'
2757 417 2758 420 η
2785 379 2800 420 ἦ

245 457 387 514 periri,
431 469 511 513 quo
542 455 690 500 fulcias
721 466 866 500 eorum
897 456 1143 513 opinionem,
1184 457 1255 514 qui
1285 469 1527 513 persuasum
1557 457 1714 503 habent
1742 458 1927 517 Augusti
1957 460 2133 506 virtutes
2162 461 2241 505 hoc
2272 459 2451 505 carmine
2482 447 2708 507 celebrari..

247 528 387 575 Huius
417 539 565 572 nomen
606 527 689 571 nisi
720 529 901 573 exstaret
931 530 975 573 in
1008 530 1199 582 carmine,
1242 529 1277 571 si
1307 528 1445 571 minus
1476 529 1650 585 optimo,
1688 532 1734 574 at
1764 531 1903 586 aliquo
1933 532 2021 575 iure
2053 532 2294 576 contendere
2323 531 2529 588 quispiam
2558 532 2713 586 posset.

247 601 378 644 latere
407 599 484 643 sub
515 599 687 643 Romuli
717 600 884 643 nomine
915 602 1172 658 Augustum.
1229 600 1441 654 Quomodo
1471 603 1627 654 autem,
1660 605 1696 645 si
1726 603 1818 657 quis
1839 604 2023 659 Augusti
2053 605 2230 649 virtutes
2260 605 2312 649 ab
2333 603 2507 648 Horatio
2537 600 2717 648 summe.

246 670 506 728 praedicatas
537 670 677 713 videre
709 670 789 714 sibi
821 671 1025 721 videatur,
1057 672 1247 716 carminis
1278 671 1473 714 ultimam
1504 672 1718 726 stropham
1749 674 1976 729 coniungat
2005 687 2101 719 cum
2122 675 2433 731 superioribus?
2463 675 2531 719 An
2551 674 2614 719 fas
2634 675 2714 721 est.

247 745 430 788 statuere
460 743 630 799 poetam
662 743 705 787 in
737 743 908 788 Musam
940 744 1125 802 graviter
1154 743 1300 796 invehi,
1333 743 1443 798 quod
1474 755 1576 788 ausa
1608 745 1716 788 esset
1746 745 1940 790 exsistere
1959 746 2158 802 principis
2179 746 2418 793 laudatrix?
2448 745 2698 803 Huiusmodi

246 814 378 859 exitus
410 814 592 860 sincerae
614 828 663 859 ac
684 828 805 860 verae
836 816 1152 873 praedicationis
1183 828 1305 872 quam
1336 816 1461 870 aptus
1493 818 1536 860 et
1567 827 1795 872 congruens
1816 816 1885 870 sit,
1918 817 1982 861 illi
2013 818 2202 872 viderint,
2235 820 2385 875 quibus
2400 818 2710 876 *Grotefendifflf

246 888 505 944 aliorumque
527 888 664 945 opinio
685 889 834 944 placet.
888 889 996 932 Mihi
1016 889 1183 946 quidem
1203 888 1246 930 id
1267 900 1392 944 genus
1415 888 1599 930 laudatio
1620 888 1768 930 similis
1789 888 1953 931 videtur
1972 890 2048 933 isti
2079 894 2191 945 operi
2212 894 2336 946 atque
2368 891 2555 944 artificio,
2588 891 2697 946 quod

1556 972 1734 1027 turpiter
1765 974 1905 1015 atrum

871 1046 1046 1089 Desinat
1076 1046 1116 1088 in
1147 1046 1299 1100 piscem
1330 1044 1478 1087 mulier
1508 1044 1687 1087 formosa
1718 1056 1902 1099 superne.

482 1236 633 1300 Multo
655 1268 750 1298 vero
780 1254 918 1297 minus
947 1255 1142 1309 probatur
1172 1254 1272 1296 mihi
1294 1253 1481 1295 Hanowii
1504 1253 1719 1302 sententia,
1743 1253 1815 1308 qui
1843 1254 2041 1308 populum
2062 1254 2295 1297 Romanum
2316 1267 2341 1296 a
2361 1257 2483 1309 poeta
2503 1257 2706 1300 laudibus

244 1327 380 1371 efferri
422 1329 598 1383 putat.³)
670 1326 730 1370 Ut
768 1326 875 1369 illud
912 1325 1240 1381 praetermittam
1282 1324 1474 1366 ultimam
1522 1325 1734 1379 stropham
1776 1325 1872 1366 huic
1910 1324 2240 1380 interpretationi
2281 1326 2456 1368 nimium
2494 1328 2694 1381 quantum

244 1400 431 1456 officere:
473 1400 547 1455 qui
586 1401 725 1454 potest
764 1398 927 1441 defendi
974 1398 1016 1441 in
1055 1397 1173 1440 laude
1204 1397 1297 1452 poni
1327 1396 1468 1451 populi
1501 1396 1674 1440 Romani
1713 1396 2011 1449 fortitudinem,
2054 1397 2272 1449 iustitiam,
2305 1397 2623 1453 temperantiam
2652 1398 2697 1441 in

242 1472 372 1525 victu,
406 1472 558 1527 quibus
591 1471 821 1515 virtutibus
843 1470 1145 1526 amplissimum
1168 1468 1425 1512 auctoritatis
1446 1468 1622 1525 gradum
1644 1468 1817 1524 adeptus
1849 1468 1905 1513 sit
1926 1469 2118 1526 Augusto
2139 1469 2302 1525 imperii
2331 1469 2494 1514 clavum
2516 1470 2703 1522 tenente,

245 1558 341 1588 cum
373 1545 485 1589 idem
516 1543 733 1596 Horatius,
768 1556 850 1599 qua
881 1543 923 1586 in
955 1556 998 1586 re
1029 1542 1196 1586 minime
1228 1541 1396 1585 dissidet
1428 1554 1521 1585 cum
1559 1540 1672 1585 illius
1710 1541 1860 1585 aetatis
1892 1541 2161 1598 scriptoribus
2199 1543 2324 1598 atque
2365 1542 2509 1599 poetis,
2549 1542 2695 1587 multis

243 1617 346 1662 locis
369 1618 645 1673 conqueratur
666 1629 716 1659 ac
747 1615 886 1658 doleat
908 1615 1173 1671 depravatum
1197 1627 1281 1657 esse
1302 1614 1511 1669 populum,
1544 1614 1585 1656 in
1608 1613 1709 1657 vitia
1730 1614 1909 1669 pessima
1930 1615 2106 1670 lapsum,
2139 1614 2307 1670 periisse
2327 1614 2539 1670 pudorem,
2571 1615 2695 1671 dege-

245 1702 407 1733 nerasse
429 1690 538 1733 cives
570 1702 595 1732 a
626 1688 833 1731 maiorum
865 1687 1032 1738 virtute,
1065 1687 1260 1729 virtutem
1291 1687 1382 1741 post
1413 1698 1604 1729 nummos
1636 1686 1806 1740 quaeri?
1839 1687 2071 1741 Nusquam,
2104 1687 2213 1742 quod
2240 1687 2381 1739 sciam,
2415 1700 2513 1730 suae
2543 1687 2704 1731 aetatis,

205 1807 209 1814 ⁸
244 1775 380 1804 mores
411 1761 570 1812 laudat,
605 1761 734 1802 immo
766 1759 878 1801 haud
910 1772 1001 1801 raro
1033 1759 1158 1801 libere
1189 1760 1231 1801 et
1260 1760 1397 1812 aperte
1430 1759 1612 1813 castigat
1642 1760 1685 1801 et
1714 1758 1924 1812 vituperat
1953 1759 2159 1802 Romanos
2190 1761 2239 1802 ut
2268 1758 2458 1814 indignos
2490 1759 2694 1803 maiorum

243 1832 502 1888 amplissimo
535 1831 699 1874 nomine
732 1833 776 1873 et
807 1830 951 1886 gloria.
1017 1830 1134 1872 Anno
1168 1831 1251 1873 737
1284 1829 1461 1880 demum,
1497 1842 1592 1872 cum
1625 1830 1853 1872 saeculares
1892 1829 2039 1873 fierent
2070 1829 2170 1882 ludi,
2204 1830 2305 1873 haec
2336 1829 2456 1874 dicit:

972 1926 1061 1968 Iam
1092 1926 1212 1968 Fides
1244 1927 1285 1968 et
1314 1926 1399 1968 Pax
1437 1927 1478 1969 et
1509 1925 1651 1968 Honos
1682 1925 1902 1980 Pudorque

971 1997 1137 2041 Priscus
1170 1998 1211 2041 et
1241 1997 1428 2054 neglecta
1459 1996 1590 2041 redire
1622 1996 1768 2041 Virtus

973 2069 1162 2123 Audet.⁴)

465 2335 488 2379 ¹)
516 2334 560 2369 cf.
589 2344 681 2378 quae
716 2343 826 2378 supra
852 2333 925 2368 dixi
952 2332 996 2368 de
1022 2333 1237 2374 Duentzero,
1263 2333 1485 2374 Kreusslero,
1512 2332 1691 2368 Roedero.
1741 2332 1863 2368 Etiam
1891 2332 1996 2369 Gust.
2024 2333 2210 2369 Schaeffer
2243 2333 2300 2379 (cf.
2328 2332 2513 2369 dissertat.
2541 2333 2585 2368 de
2611 2344 2691 2369 sen-

242 2395 442 2431 tentiarum
469 2405 574 2435 nexu,
602 2405 674 2439 quo
692 2393 800 2429 multi
818 2392 1040 2439 interpretes
1066 2403 1127 2427 sex
1149 2392 1270 2437 priora
1295 2391 1355 2427 lib.
1383 2391 1451 2428 111.
1478 2392 1639 2428 carmina
1656 2392 1858 2429 Horatiana
1882 2393 1987 2439 iungi
2006 2393 2213 2439 opinantur.
2253 2392 2430 2439 Marburg
2458 2394 2549 2430 1852
2574 2403 2609 2439 p.
2631 2394 2689 2438 12)

240 2455 385 2490 laudari
411 2455 524 2489 tertio
552 2454 712 2489 carmine
738 2453 911 2498 Augusti,
937 2453 1088 2488 alterius
1102 2453 1257 2494 Romuli,
1284 2453 1528 2488 constantiam
1555 2453 1760 2496 existiman
1791 2453 1899 2489 illum
1925 2454 2117 2499 imperium
2144 2456 2345 2496 aucturum,
2373 2453 2696 2500 amplificatur-um,

241 2515 523 2551 nobilitaturum
550 2525 641 2557 esse,
670 2512 889 2555 „dummodo
924 2514 1054 2548 caveat
1086 2511 1245 2557 populus
1279 2512 1473 2554 Romanus,
1509 2523 1554 2548 ne
1588 2523 1748 2558 unquam
1782 2512 1954 2560 neglecta
1986 2524 2037 2556 ea,
2073 2524 2181 2560 quam
2214 2513 2403 2560 Augustus
2437 2516 2692 2560 proposuerat,

240 2574 376 2622 agendi
402 2574 547 2611 ratione
573 2574 611 2609 in
637 2574 834 2619 pristinam
851 2582 993 2608 morum
1019 2571 1237 2617 pravitatem
1265 2572 1482 2608 relabatur.“
1513 2572 1592 2616 Quo
1618 2575 1739 2608 autem
1765 2573 1843 2608 iure
1870 2573 1942 2610 dici
1967 2573 2087 2619 possit
2104 2573 2249 2609 Troiam
2274 2574 2312 2609 in
2334 2574 2402 2610 hoc
2419 2574 2578 2609 carmine
2595 2573 2692 2608 idem

240 2635 360 2671 valere
378 2645 420 2670 ac
438 2634 634 2680 pristinam
651 2644 792 2668 morum
810 2631 942 2673 labem,
968 2631 1062 2666 nihil
1076 2630 1146 2666 sibi
1164 2631 1245 2666 Sch.
1262 2631 1452 2668 dicendum
1470 2633 1626 2678 putavit.
1642 2632 1686 2668 cf.
1701 2636 1903 2678 praeterea,
1923 2644 2016 2678 quae
2030 2644 2141 2678 supra
2153 2633 2277 2669 monui
2291 2636 2419 2670 contra
2431 2634 2697 2673 Duentzerum.v

459 2722 487 2759 ²)
515 2717 559 2753 de
587 2715 819 2754 Grotefendii
846 2715 1032 2751 sententia
1058 2714 1102 2751 cf.
1129 2715 1238 2751 etiam
1263 2715 1537 2763 Dillenburgeri
1564 2715 1712 2761 Quaest.
1739 2716 1826 2753 Hor.
1857 2716 1949 2753 1838
1975 2727 2010 2763 p.
2038 2717 2094 2753 22.

457 2803 485 2847 ³)
513 2801 558 2838 de
591 2801 802 2847 principatu
833 2799 1006 2846 Augusti.
1035 2798 1150 2834 Sorau
1179 2799 1267 2835 1837
1294 2811 1327 2846 p.
1364 2800 1427 2843 103
1458 2799 1531 2835 vid.
1567 2800 1728 2836 eiusdem
1762 2800 1922 2836 auctoris
1958 2800 2319 2842 commentationem,
2348 2810 2455 2845 quam
2481 2799 2688 2845 inscripsit:

238 2862 319 2905 „Ist
352 2862 473 2897 Horaz
506 2862 564 2896 ein
599 2861 742 2896 kleiner
774 2858 978 2895 Dichter?“
1035 2858 1143 2894 Halle
1175 2859 1264 2895 1838
1295 2871 1328 2905 p.
1365 2861 1418 2897 19.
1470 2861 1526 2897 De
1561 2861 1732 2897 carminis
1764 2871 1905 2898 summa
1939 2871 2011 2897 non
2041 2861 2196 2897 multum
2230 2860 2403 2911 dissentit
2434 2858 2480 2897 ab
2514 2860 2694 2897 Hanowio

237 2921 512 2968 Dillenburger.

454 3009 483 3050 ⁴)
511 3005 553 3042 cf.
581 3006 775 3051 interpret.
803 3003 850 3041 ad
875 3015 908 3040 v.
939 3004 983 3040 18
1009 3013 1116 3040 carm.
1145 3013 1247 3046 saec„
1274 3015 1301 3040 c.
1328 3004 1389 3041 IV.
1421 3004 1523 3047 15.10‚
1551 3014 1580 3041 c.
1607 3004 1668 3041 IV.
1688 3004 1771 3048 521,
1798 3003 1863 3051 Ep.
1882 3003 2007 3041 11.1.2.
2036 3024 2080 3030 -
2100 3002 2269 3041 Hanowii
2294 3001 2585 3051 explanationem
2611 3010 2691 3038 mea

237 3066 384 3114 quidem
422 3066 593 3113 opinione
620 3063 856 3112 comprobare
890 3064 917 3099 ii
951 3063 1100 3099 minime
1131 3066 1299 3109 possunt,
1331 3065 1399 3111 qui
1431 3064 1657 3100 contendunt
1696 3065 1817 3100 omnia
1856 3075 1917 3100 sex
1959 3064 2120 3100 carmina
2154 3075 2265 3100 unum
2305 3063 2446 3100 efficere
2493 3063 2690 3109 eodemque

235 3130 402 3174 tempore
420 3127 589 3163 confecta
605 3137 696 3162 esse.
747 3125 894 3161 Etenim
912 3125 951 3160 in
969 3134 999 3160 c.
1018 3123 1087 3159 ΠΙ.
1108 3125 1129 3160 6
1147 3126 1253 3160 tanta
1266 3135 1342 3161 cum
1360 3125 1534 3161 libertate
1552 3126 1696 3162 notavit
1722 3125 1853 3162 civium
1880 3125 2119 3171 impietatem,
2137 3124 2424 3171 improbitatem,
2442 3124 2696 3170 impuritates,

235 3187 422 3230 libidines,
451 3189 592 3233 quanta
625 3187 663 3222 in
690 3185 813 3230 nullo3
846 3187 962 3231 negat
987 3194 1149 3230 unquam
1181 3194 1318 3220 morum
1354 3185 1631 3231 perversitatem
1657 3183 1995 3231 impudentiamque
2020 3185 2193 3221 maiorem
2218 3183 2341 3221 fuisse.
2394 3182 2582 3228 Quomodo
2608 3182 2697 3229 quis

236 3247 456 3285 contendere
491 3247 612 3293 possit
646 3257 719 3282 uno
746 3245 849 3291 quasi
884 3248 1014 3281 tenore
1048 3246 1087 3280 et
1119 3242 1262 3280 laudari
1294 3245 1466 3292 populum
1499 3245 1713 3286 Romanum,
1743 3245 1843 3291 'quod
1878 3245 2096 3287 constantia,
2130 3237 2275 3281 iustitia
2306 3244 2462 3290 aliisque
2491 3240 2689 3279 virtutibus

233 3310 415 3354 regnante
458 3306 629 3354 Augusto
672 3316 814 3342 summa
854 3314 1020 3350 quaeque
1060 3306 1252 3345 assecutus
1289 3304 1353 3348 sit,
1397 3308 1434 3341 et
1474 3307 1626 3353 propter
1667 3305 1880 3353 turpissima
1915 3304 2095 3341 maleficia
2136 3305 2236 3351 carpi
2273 3306 2314 3340 et
2350 3302 2569 3349 perstringi,
2608 3312 2695 3347 per«

231 3367 375 3415 spicere
400 3378 554 3413 nequeo.
