2920 3717
156 310 178 379 g]
216 303 323 374 sed
330 338 492 388 ,ακρῳ
525 320 821 384 improbanda.
847 318 1155 375 Argmnentum
1192 315 1304 360 enim
1341 316 1536 359 carminis
1565 317 1620 360 Π.
1659 320 1696 359 1.
1728 317 1848 372 plane
1885 317 1998 361 aliud
2035 318 2102 362 est
2139 317 2270 373 atquc
2298 315 2494 359 carminis
2523 315 2601 358 111.
2633 316 2675 358 3

232 396 381 447 mim
392 393 585 444 camnis
615 391 814 452 clausula,
845 389 887 433 si
900 388 1194 445 argumentum
1223 388 1398 443 spectas,
1430 388 1520 430 tam
1539 386 1752 439 naturalis,
1784 389 1873 430 tam
1894 389 2086 432 concinna
2112 390 2188 437 est,
2219 389 2273 432 ut
2291 387 2464 431 minime
2484 386 2675 430 offendat.

166 483 168 486 ·
204 466 206 468 ’
229 462 436 520 'Badierat
464 465 601 522 poeta
614 462 660 507 in
690 460 869 506 carniine
888 458 942 502 ad
971 458 1202 503 Pollionem
1221 458 1319 502 dato
1348 458 1391 501 in
1421 459 1660 502 memoriam
1680 459 1827 503 furoris
1856 459 1997 504 civilis.
2057 461 2120 505 De
2149 458 2229 504 1130
2247 459 2418 516 publica
2437 457 2678 502 calamitate

157 544 160 547 ‘
205 538 209 542 ’
235 529 295 584 et
312 528 499 595 dicendi
515 536 574 578 01
598 527 868 588 conquerendi
899 529 1109 573 difficilius
1138 531 1203 572 est
1238 530 1394 572 exitum
1423 542 1548 584 quam
1576 530 1825 585 principium
1855 531 2044 575 invenire.
2106 533 2197 575 Hoc
2227 533 2366 587 ipsum
2397 543 2495 574 eum
2525 529 2678 573 sentire

221 607 436 668 *agnosci
463 595 586 648 iicet
600 617 652 646 ex
680 600 1067 657 interrogationibus
1105 601 1200 644 inde
1229 613 1255 644 a
1283 613 1404 644 versu
1436 603 1506 644 29.
1567 602 1635 645 Ad
1668 615 1774 657 quas
1803 603 2136 659 interrogationes
2173 604 2274 659 quid
2304 602 2565 658 respondeat
2596 613 2678 643 non

232 677 386 731 nescit,
427 674 510 721 sed
540 673 673 719 omnis
710 673 880 718 insanae
913 671 1027 717 1111113
1064 671 1291 717 discordiae
1320 672 1517 716 memoria
1546 673 1705 717 tristior
1734 674 1858 729 atque
1889 675 2067 719 acerbior
2098 677 2173 728 est,
2206 688 2332 730 quam
2363 676 2413 719 ut
2443 672 2602 717 diutius
2633 672 2676 715 in

221 741 334 795 hac
351 759 396 792 re
425 746 666 803 permaneat
696 756 745 789 ac
774 745 1024 801 perseveret3
1058 745 1148 788 orat
1177 744 1308 801 igitur
1338 744 1602 800 obsecratque
1633 745 1819 798 Musam,
1851 757 1900 789 ne
1931 746 2083 791 diutius
2115 748 2391 791 commoretur
2420 746 2463 789 in
2495 744 2676 789 carmine

243 819 432 877 lugubri3
464 817 584 861 nenia
613 817 736 870 enim,
768 829 894 873 quam
923 817 1102 860 tractare
1133 816 1324 872 coeperit,
1356 816 1474 871 quasi
1502 817 1703 872 profanari
1736 817 1867 873 lyram
1899 830 2013 861 suam
2023 822 2051 871 ¹)

458 889 519 934 Ut
555 889 686 946 igitur
715 902 878 944 carmen
909 889 1068 932 nullam
1106 889 1180 932 dat
1210 901 1352 932 ansam
1374 888 1622 932 defendendi
1651 889 1871 932 Horatium
1901 891 2102 942 exstitisse
2132 892 2324 948 Augusto
2357 892 2580 941 auctorem,
2624 902 2675 932 ne

236 965 319 1007 aut
348 962 560 1007 excederet
589 974 636 1004 ex
666 961 791 1005 Italia
821 963 895 1004 aut
924 961 1109 1016 deposito
1140 960 1311 1015 imperio
1341 960 1556 1015 pristinam
1594 974 1681 1004 rem
1717 961 1927 1016 publicam
1957 963 2204 1014 restitueret,
2245 963 2306 1006 ita
2336 962 2452 1005 nullo
2483 962 2570 1004 iure
2601 973 2673 1015 pro

238 1035 357 1079 certo
387 1033 567 1091 ponitur,
608 1032 766 1077 dedisse
795 1034 961 1089 poetam
1000 1031 1159 1076 civibus
1197 1033 1271 1076 aut
1300 1031 1482 1075 iustitiae
1514 1033 1587 1077 aut
1618 1032 1868 1076 constantiae
1899 1035 1971 1077 aut
2000 1034 2212 1090 utriusque
2242 1032 2410 1078 virtutis
2441 1034 2671 1088 praecepta.

461 1164 558 1228 Iam
598 1193 690 1226 vero
721 1182 951 1235 videamus,
992 1195 1091 1225 num
1122 1182 1233 1225 recte
1272 1180 1446 1225 dixerint
1477 1181 1586 1225 docti
1616 1181 1799 1225 homines
1830 1193 1916 1224 0330
1945 1182 2021 1226 hoc
2051 1195 2214 1226 carmen
2245 1181 2527 1225 laudationem
2557 1194 2675 1237 prae-

240 1261 489 1316 coniumque
519 1261 703 1317 Augusti
741 1260 964 1304 virtutum
1019 1259 1084 1302 Ac
1113 1259 1288 1302 Baxtero
1327 1258 1493 1314 quidem
1522 1259 1719 1303 Horatius
1761 1259 1923 1302 videtur
1952 1259 2141 1316 Augusto
2182 1260 2333 1303 collato
2365 1272 2462 1303 cum
2493 1259 2675 1303 Antonio

244 1346 318 1388 pro
349 1333 627 1389 singularibus
657 1333 913 1386 summisque
944 1332 1031 1374 eius
1060 1331 1103 1373 in
1144 1331 1322 1385 patriam
1361 1331 1517 1374 meritis
1548 1332 1731 1386 palmam
1762 1331 1914 1373 deferre
1945 1333 2089 1374 salutis
2120 1332 2310 1386 publicae
2341 1335 2384 1374 et
2414 1332 2602 1374 defensae
2633 1334 2677 1374 et

181 1432 185 1439 -
239 1407 518 1456 conservatae,
550 1406 596 1447 at
616 1405 759 1447 contra
785 1403 965 1447 Antonio
986 1394 1239 1458 proditionis,
1271 1402 1453 1447 levitatis
1473 1403 1874 1456 foedissimarumque
1906 1402 2120 1446 libidinum
2145 1405 2286 1447 notam
2316 1404 2498 1453 inurere;
2530 1405 2677 1447 volunt

245 1477 318 1521 alii
347 1490 372 1521 a
401 1478 522 1532 poeta
543 1476 784 1532 Augustum
815 1476 864 1519 ut
885 1475 1063 1519 alterum
1083 1474 1309 1518 Romulum
1339 1473 1434 1517 tolli
1464 1474 1516 1517 ad
1547 1474 1718 1525 caelum,
1751 1473 1822 1516 alii
1853 1473 2022 1528 denique
2044 1475 2262 1529 opinantur
2292 1488 2388 1519 eum
2420 1477 2468 1519 ut
2498 1475 2676 1519 solidam

243 1554 285 1592 01
315 1560 547 1603 expressam
578 1546 758 1602 effigiem
797 1557 1014 1602 germanae
1052 1545 1236 1589 iustitiae
1273 1545 1340 1588 vel
1382 1544 1539 1588 divinae
1581 1545 1795 1588 cuiusdam
1833 1545 2079 1589 constantiae
2119 1546 2184 1589 vel
2222 1547 2440 1590 ambarum
2472 1539 2673 1590 virtutum

464 1728 490 1769 ¹)
518 1725 607 1760 Cum
633 1724 797 1759 clausula
821 1724 930 1769 primi
961 1723 1130 1758 carminis
1156 1722 1306 1757 secundi
1330 1721 1415 1757 libri
1442 1722 1595 1757 conferri
1620 1724 1745 1766 potest
1771 1721 1874 1757 Ovid.
1900 1722 1997 1756 Fast.
2023 1722 2084 1756 IV.
2112 1722 2167 1757 83.
2219 1723 2399 1768 Loquitur
2431 1727 2542 1769 poeta
2575 1726 2677 1760 exsul

240 1786 292 1823 de
317 1786 373 1829 iis,
402 1785 464 1831 qui
483 1785 569 1821 olim
595 1785 633 1821 in
658 1784 805 1821 Italiam
823 1783 1134 1829 immigraverunt.
1173 1781 1254 1825 Qua
1271 1782 1309 1817 in
1334 1792 1373 1818 re
1399 1781 1600 1817 enarranda
1625 1781 1702 1816 eius
1719 1781 1790 1816 viri
1816 1781 1904 1817 facit
1928 1781 2155 1825 mentionem,
2182 1782 2243 1827 qui
2263 1783 2472 1819 Sulmonem
2499 1783 2674 1821 condidit.

821 1845 866 1880 79
891 1843 1009 1879 Huius
1035 1847 1115 1878 erat
1141 1842 1309 1888 Solymus
1334 1842 1498 1888 Phrygia
1522 1851 1640 1877 comes
1665 1852 1757 1876 unus
1784 1840 1829 1876 ab
1854 1841 1930 1883 Ida,

987 1903 1020 1938 A
1045 1913 1116 1948 quo
1143 1901 1326 1938 Sulmonis
1351 1901 1494 1937 moenia
1517 1912 1648 1937 nomen
1673 1901 1819 1942 habent,

895 1963 1078 1999 Sulmonis
1105 1961 1219 2009 gelidi
1244 1961 1397 2007 patriae,
1426 1960 1648 2002 Germanice,
1674 1962 1832 2003 nostrae,

987 2023 1047 2057 Me
1072 2022 1253 2064 miserum,
1281 2021 1450 2068 Scythico
1477 2032 1582 2066 quam
1606 2020 1734 2066 procul
1758 2020 1823 2055 illa
1848 2020 1923 2055 solo
1949 2021 2020 2054 est!

247 2086 300 2122 Ut
317 2087 440 2121 autem
457 2084 651 2120 tristitiam
668 2085 867 2119 memorato
886 2082 1070 2118 Sulmonis
1087 2082 1232 2117 nomine
1257 2080 1379 2117 subito
1397 2083 1513 2117 ortam
1530 2080 1632 2116 velut
1656 2080 1841 2125 profanam
1861 2080 2111 2151 materiaeque,
2139 2091 2245 2125 quam
2263 2084 2409 2123 tractet,
2429 2082 2678 2128 refragantem

239 2144 411 2191 depellat
435 2143 687 2190 protervisque
712 2142 831 2179 ventis
857 2141 993 2185 tradat,
1019 2141 1110 2178 haec
1136 2141 1254 2177 canit:

821 2201 869 2238 83
893 2201 992 2248 Ergo
1018 2212 1097 2248 age,
1123 2203 1201 2236 tam
1225 2200 1357 2247 longas
1383 2199 1448 2235 sed
1474 2199 1666 2245 supprime,
1693 2199 1808 2241 Musa,
1836 2198 2022 2244 querellas,

987 2261 1072 2296 Non
1096 2260 1167 2296 tibi
1192 2263 1278 2295 sunt
1302 2252 1443 2295 maesta
1467 2270 1567 2295 sacra
1592 2259 1755 2295 canenda
1778 2259 1868 2304 lyra.

246 2326 374 2363 Simile
400 2323 575 2370 quiddam
599 2323 721 2359 inveni
746 2320 844 2368 apud
870 2320 974 2358 Ovid.
1000 2321 1110 2358 Trist.
1135 2320 1199 2357 IV.
1226 2321 1308 2358 an.
1357 2320 1401 2356 In
1426 2319 1671 2356 adversarium
1697 2318 1885 2364 quendam,
1912 2318 1973 2364 qui
1997 2330 2068 2354 non
2093 2317 2282 2355 desinebat
2307 2314 2472 2366 deripere
2499 2320 2543 2357 de
2569 2321 2676 2358 laude

246 2387 378 2432 poetae
403 2395 533 2429 neque,
560 2382 641 2429 quis
668 2383 775 2425 esset,
803 2383 929 2427 aperte
955 2380 1114 2417 audebat
1138 2377 1316 2426 profiteri,
1342 2379 1505 2416 acerbius
1538 2379 1722 2415 invehitur
1748 2377 1907 2414 Ovidius.
1958 2378 2008 2414 Ut
2038 2389 2119 2413 vero
2155 2378 2335 2421 ostendat,
2374 2391 2481 2425 quam
2516 2392 2588 2416 non
2615 2381 2677 2417 de-

245 2445 403 2483 lectetur
428 2443 587 2482 carmine
622 2442 769 2481 condito
793 2442 831 2479 in
858 2452 984 2479 canem
1008 2441 1182 2489 ignavum
1206 2439 1398 2478 adversum
1422 2439 1538 2488 lupos
1564 2439 1707 2476 Musam
1732 2440 1850 2475 tacere
1874 2437 1992 2475 iubet:

892 2502 972 2538 Hoc
997 2512 1151 2547 quoque,
1179 2512 1286 2546 quam
1311 2500 1411 2536 volui
1436 2501 1518 2546 plus
1543 2502 1617 2542 est3
1644 2510 1742 2541 cane,
1769 2500 1883 2540 Musa,
1909 2501 2083 2543 receptus,

990 2562 1088 2598 Dum
1111 2561 1200 2597 licet
1225 2561 1310 2597 huic
1333 2571 1465 2597 nomen
1491 2559 1717 2596 dissimulare
1742 2570 1855 2595 suum.

243 2626 291 2664 cf.
327 2624 438 2662 etiam
472 2623 579 2660 Pind.
614 2622 671 2660 Ol.
704 2622 768 2660 IX.
804 2621 862 2659 35.
913 2621 1037 2669 Negat
1069 2623 1181 2667 poeta
1214 2620 1411 2667 quidquam
1436 2619 1559 2667 magni
1584 2630 1626 2656 30
1658 2618 1835 2665 praeclari
1860 2617 1952 2657 effici
1986 2628 2089 2663 posse
2122 2617 2177 2654 dis
2203 2629 2274 2654 non
2300 2617 2520 2655 iuvantibus,
2573 2619 2679 2664 Quod

246 2696 371 2721 verum
404 2695 483 2720 esse
515 2695 558 2719 ex
582 2684 638 2726 iis,
675 2694 765 2729 quae
791 2682 968 2718 Hercules
1000 2682 1168 2727 gesserit,
1199 2692 1307 2726 posse
1338 2681 1519 2726 cognosci.
1566 2679 1624 2715 Ab
1657 2680 1722 2714 illo
1755 2679 1848 2714 enim
1873 2679 1944 2713 nisi
1974 2689 1996 2713 a
2020 2678 2095 2713 deis
2121 2678 2247 2713 adiuto
2279 2689 2351 2713 non
2384 2679 2547 2723 potuisse
2581 2680 2680 2716 vinci

247 2745 476 2791 Neptunum,
510 2742 734 2789 Apollinem,
769 2742 976 2777 Plutonem.
1031 2740 1109 2776 Iam
1142 2742 1250 2786 parat
1282 2740 1349 2775 has
1374 2739 1539 2776 Herculis
1571 2739 1744 2774 victorias
1781 2748 1963 2778 enarrare,
1996 2747 2075 2771 cum
2108 2739 2256 2781 repente
2291 2748 2391 2779 eum,
2429 2740 2472 2772 ut
2506 2740 2563 2773 est
2595 2739 2681 2774 reli·

248 2805 374 2852 310333
400 2815 442 2841 30
466 2803 549 2850 pius
575 2803 725 2840 deorum
751 2802 879 2845 cultor,
913 2802 1025 2838 timor
1050 2802 1214 2846 occupat,
1249 2811 1296 2836 ne
1329 2799 1417 2845 quid
1450 2799 1639 2844 delinquat
1672 2798 1890 2842 deorumque
1921 2796 2176 2833 immortalium
2207 2807 2340 2833 numen
2374 2808 2417 2834 30
2449 2798 2680 2835 maiestatem

240 2863 441 2902 imminuat
465 2863 674 2911 laedatque,
701 2862 733 2899 si
751 2862 970 2909 exposuerit,
997 2859 1177 2908 quomodo
1203 2859 1249 2897 ab
1266 2859 1461 2897 Alcmenae
1486 2859 1560 2896 filio
1586 2860 1710 2895 essent
1726 2857 1813 2894 victi
1831 2867 1871 2893 ac
1896 2856 2065 2903 superati.
2092 2855 2211 2901 Quare
2226 2855 2350 2893 frenos
2376 2856 2529 2895 adhibet
2553 2858 2680 2896 Musae

242 2925 304 2960 his
329 2936 415 2961 usus
443 2924 582 2960 verbis:
946 2919 953 2924 ’

893 2983 964 3019 ἀπό
985 2994 1048 3026 μοι
1072 2982 1178 3027 λόγον

894 3046 1031 3084 τοῦτον,
1056 3042 1182 3086 στόμα,
1203 3042 1323 3089 ῥῖψον·

895 3102 971 3138 ἐπεὶ
996 3102 1037 3138 τό
1062 3113 1104 3148 γε
1130 3101 1337 3148 λοιδορῆσαι
1360 3101 1521 3162 dcccci„

898 3163 1016 3210 ἐχθρὰ
1040 3162 1154 3208 σοφία
1177 3162 1235 3196 καὶ
1260 3163 1301 3196 τὸ
1326 3163 1441 3208 καυχᾶ
1551 3161 1647 3207 παρὰ
1681 3161 1799 3205 καιρὸν

893 3222 1067 3267 μανίαισιν
1092 3222 1284 3268 ὑποκρέκει.
1784 3220 1786 3222 ’

847 3297 851 3300 ·
891 3283 944 3331 μὴ
969 3284 1027 3318 νῦν
1053 3281 1203 3328 λαλάγει
1226 3282 1272 3318 τὰ
1297 3280 1437 3318 τοιαῦτ’.
1465 3280 1509 3315 ἔα
1534 3280 1684 3324 πόλεμον
1704 3279 1820 3326 μάχαν
1847 3290 1884 3314 τε
1910 3280 2023 3314 πᾶσαν

890 3343 1007 3390 χωρὶς
1028 3342 1229 3377 ἀθανάτων.

2421 3411 2467 3449 3*
