2920 3717
220 42 379 70 '‡..=v·>1⁸‘..''‘-
408 52 427 71 5'

1443 165 1501 208 26

239 291 529 350 dampnatur
558 305 609 336 ac
638 292 938 345 distrabantur,
970 306 1011 339 v.
1044 296 1225 340 49—52
1261 294 1465 349 insulsam
1503 295 1776 352 putidumque
1815 295 2175 353 interpolationem
2204 296 2364 352 putent.
2425 266 2709 352 flammis
2824 274 2874 350 ’.τξὲτ
2905 360 2920 373 .

236 362 435 409 versibus
459 365 638 409 53—56
668 364 883 408 collocatis
913 367 1011 410 ante
1043 379 1091 410 v..
1115 368 1292 411 49—52
1331 365 1503 409 refutari
1537 368 1679 422 potest
1713 367 1883 412 illorum
1913 367 2062 424 opinio,
2105 360 2293 423 qushac
2318 367 2422 423 ‚ipsa
2458 365 2513 410 de
2549 376 2689 422 causa,

190 434 194 438 “
238 437 368 491 quam
396 435 521 480 modo
551 434 650 489 dixi,
691 434 830 480 videre
868 435 951 481 sibi
988 437 1183 484 videntur
1220 437 1328 481 male
1365 436 1501 481 seduli
1538 436 1739 495 bardique
1768 438 2036 496 grammatici
2071 438 2296 494 cniusdam
2328 436 2530 495 ineptias,
2548 438 2695 482 tamen

239 518 320 551 non
350 519 454 564 opus
484 519 572 550 esse
601 506 793 551 existimo
823 520 969 554 versus
999 521 1076 554 sua
1105 509 1200 554 sede
1229 508 1393 564 pellere.
1456 507 1506 552 Id
1536 509 1664 554 etiam
1694 510 2064 556 Bauchensteinius
2099 511 2227 556 habet
2255 522 2508 567 persuasum.
2565 507 2691 563 Quod
2720 544 2723 547 .

238 591 335 623 vero
366 577 491 622 dicit:
528 577 632 628 ..Die
661 578 936 637 Vorstellung
974 585 1068 626 vm
1084 581 1158 625 der
1187 580 1337 625 Grosse
1366 580 1452 623 und
1479 580 1767 638 Ausdelmung
1807 582 1910 626 wird
1937 582 2088 639 gei-ade
2119 582 2249 627 durch
2279 582 2353 626 das
2383 579 2690 627 Unterbrecbeu

238 650 313 693 der
342 649 623 706 grossartigen
655 649 868 695 Wunsclie
898 651 985 695 und
1007 652 1368 708 Versprechungen
1389 651 1578 704 erhoht,“
1612 652 1803 708 equidem
1834 665 1915 697 uon
1935 653 2131 708 adducor,
2163 655 2212 698 ut
2242 653 2406 698 credam
2436 650 2690 697 descendisse

237 721 406 785 poetam
436 720 490 764 ad
521 720 607 764 tale
639 720 851 776 quoddam
881 722 1121 776 artificium,
1152 735 1232 778 quo
1261 734 1361 765 num
1391 715 1449 774 id,
1487 723 1599 778 quod
1630 724 1748 779 optat
1778 723 1873 776 dea,
1906 724 2043 780 magis
2085 726 2352 782 exaggeretur
2380 726 2506 780 atque
2540 723 2690 779 ampli-

235 792 388 836 ficetur
419 803 548 848 quam
579 791 614 835 si
645 804 727 836 uno
758 793 876 837 velut
907 795 1049 839 tenore
1080 795 1178 838 vota
1206 794 1390 850 peragat,
1431 794 1580 838 merito
1611 806 1661 837 ac
1690 794 1781 837 iure
1818 794 2003 839 dubitari
2039 797 2190 852 potest.
2253 796 2351 840 Mea
2390 794 2557 851 quidem
2597 807 2690 839 seu-

233 864 376 909 tentia
407 864 507 908 deae
538 864 664 908 verba
695 864 738 907 in
770 866 952 909 transitu
984 866 1203 917 monentis,
1240 867 1288 909 ut
1317 864 1505 909 fortiores
1534 878 1579 909 se
1599 866 1811 921 praestent
1830 866 2007 911 Romani
2037 867 2080 911 in
2101 868 2324 924 spernendo
2354 880 2480 924 quam
2511 865 2690 924 cogendo

233 949 352 989 auro,
382 937 475 980 arte
508 935 729 979 cohaerent
761 949 858 980 cum
890 937 1026 981 verbis
1056 937 1248 994 optantis,
1280 938 1329 980 ut
1359 935 1571 981 Orientem
1601 937 1778 981 Romani
1807 949 1881 981 sno
1919 937 2090 994 imperio
2126 938 2367 996 adiungunt.
2429 938 2613 983 Victoria
2642 950 2690 983 ex

234 1008 460 1065 Aegyptiis
491 1009 703 1063 reportata
733 1008 842 1052 tanti
873 1009 927 1052 ad
959 1022 1023 1054 res
1054 1011 1258 1054 Romanas
1288 1010 1377 1052 erat
1406 1008 1618 1060 momenti,
1651 1009 1796 1064 quanti
1827 1009 1928 1053 olim
1949 1009 2185 1066 triumphus
2216 1023 2263 1055 ex
2284 1009 2689 1068 Carthaginiensibus

234 1080 492 1136 deportatus.
556 1079 677 1124 Facit
714 1067 847 1137 igitur
884 1083 1009 1136 poeta
1045 1082 1241 1125 Iunonem
1271 1093 1344 1124 suo
1385 1079 1475 1123 loco
1514 1080 1757 1124 suadentem
1799 1081 1924 1136 atque
1958 1080 2273 1125 interdicentem
2309 1082 2461 1138 populo
2492 1083 2688 1134 Romano,

235 1165 289 1196 ne
328 1152 390 1196 ita
428 1152 470 1195 in
512 1152 698 1208 Aegypti
737 1165 833 1208 opes
864 1152 1135 1204 immineant,
1166 1154 1214 1197 ut
1253 1165 1464 1195 summum
1502 1164 1599 1195 suae
1636 1151 1820 1208 ipsorum
1860 1151 2022 1196 civitati
2060 1152 2356 1196 detrimentum
2401 1153 2589 1203 inferant.
2630 1178 2691 1186 —

238 1223 302 1268 Ut
332 1225 477 1267 autem
499 1223 615 1280 eupit
624 1227 651 1276 ¹)
684 1223 760 1267 dea
776 1225 887 1268 stare
907 1237 956 1268 ac
978 1224 1119 1269 florere
1140 1224 1181 1267 in
1210 1225 1456 1280 perpetuum
1477 1223 1654 1268 Romam
1686 1226 1906 1279 monetque
1940 1224 2142 1280 populum
2172 1224 2421 1277 Romanum,
2453 1238 2577 1280 quem
2606 1226 2691 1268 iam

236 1295 388 1340 matris
426 1295 545 1351 quasi
586 1308 725 1338 amore
765 1296 1037 1351 amplectitur
1050 1328 1061 1348 ,
1101 1297 1148 1340 ut
1186 1296 1431 1351 populorum
1468 1295 1738 1351 gentiumque
1790 1295 1922 1339 victor
1960 1295 2159 1352 pecuniae
2207 1308 2411 1355 opumque
2449 1296 2691 1344 aviditatem

237 1368 463 1419 contineat,
502 1368 563 1411 ita
594 1367 808 1411 interdicit
838 1367 1059 1420 Romanis,
1090 1382 1159 1419 ne,
1200 1368 1271 1411 ubi
1300 1368 1482 1423 primum
1513 1381 1608 1423 opes
1649 1367 1837 1423 viresque
1879 1379 2007 1411 novae
2046 1367 2161 1411 urbis
2193 1367 2405 1419 creverint,
2436 1367 2613 1411 nimium
2632 1367 2692 1423 pii

182 1477 187 1484 .
236 1441 280 1483 in
320 1440 479 1483 avitam
510 1439 678 1483 Troiam
710 1439 856 1483 urbem
887 1439 969 1495 ipsi
1000 1440 1173 1483 invisam
1211 1441 1253 1483 et
1282 1439 1464 1483 odiosam
1495 1439 1768 1490 restituant.²)
1830 1439 1942 1483 Illud
1976 1439 2175 1491 „nimium
2210 1438 2294 1495 pii“
2328 1440 2379 1483 ut
2406 1438 2598 1495 perfacile
2628 1441 2692 1483 est

238 1513 292 1556 ad
323 1511 665 1570 intellegendum,
698 1512 733 1555 si
765 1512 928 1568 proprie
959 1512 1092 1556 dicere
1120 1512 1338 1556 Horatium
1376 1524 1552 1564 censeas,
1592 1512 1652 1555 ita
1689 1524 1816 1567 quam
1848 1512 1953 1555 bono
1984 1512 2198 1567 amicoque
2237 1511 2279 1555 in
2310 1511 2516 1555 Romanos
2554 1511 2690 1555 animo

237 1586 296 1630 sit
326 1585 415 1637 dea,
448 1584 617 1628 indicat.
681 1584 829 1628 Troiae
860 1584 971 1628 enim
1001 1585 1247 1640 reparandae
1279 1583 1495 1629 consilium
1532 1584 1568 1628 si
1598 1584 1759 1640 quando
1797 1584 1984 1636 ineatur,
2016 1597 2067 1628 ne
2107 1596 2187 1628 non
2227 1583 2281 1628 ab
2318 1583 2583 1640 improbitate
2619 1585 2693 1628 aut

240 1658 293 1702 ab
325 1656 599 1714 impudentia,
633 1656 704 1701 sed
736 1669 761 1700 a
792 1655 921 1700 nimia
960 1655 1139 1713 quadam
1177 1656 1329 1713 pietate
1369 1656 1653 1714 proficiscatur
1683 1656 1818 1700 timet.
1882 1655 2074 1700 Nimium
2112 1656 2205 1713 pius
2247 1656 2389 1700 autem
2430 1655 2465 1700 is
2503 1657 2580 1707 est,
2619 1645 2693 1712 qui

238 1729 478 1787 gratissimo
521 1729 681 1777 animo,
722 1729 1014 1771 liberalissimo
1064 1729 1198 1771 studio
1249 1731 1372 1784 atque
1413 1729 1546 1772 officio
1592 1728 1783 1784 indignos
1829 1742 1991 1784 quoque
2037 1728 2349 1784 prosequitur.³)
2412 1728 2517 1771 Vult
2563 1728 2692 1784 igitur

238 1803 342 1845 Iuno
379 1801 583 1857 populum
614 1800 853 1844 Romanum
883 1812 931 1843 eo
963 1800 1101 1843 animo
1133 1813 1218 1843 esse
1248 1800 1289 1843 in
1320 1800 1530 1853 Troianos,
1562 1802 1611 1844 ut
1630 1801 1746 1844 nefas
1766 1800 1919 1844 habeat
1948 1800 2054 1852 istis,
2087 1800 2275 1855 quamvis
2305 1801 2524 1855 parentum
2555 1800 2692 1843 locum

236 1874 473 1924 obtineant,
505 1872 709 1928 pietatem
760 1873 982 1927 praestare.
1045 1871 1136 1915 Hoc
1176 1872 1263 1915 loco
1294 1872 1399 1915 illud
1429 1872 1533 1915 mihi
1569 1885 1648 1916 non
1697 1872 2112 1928 praetermittendum
2160 1871 2325 1916 videtur
2370 1872 2567 1916 Iunonem
2612 1884 2692 1915 non

238 1944 438 1990 Romanis
478 1943 595 1999 ipsis,
636 1943 671 1986 si
711 1944 833 2000 grata
871 1943 1086 1987 voluntate
1128 1945 1465 2000 cognoscerentur
1505 1944 1547 1986 in
1586 1944 1753 1987 Troiam
1767 1977 1779 1997 ,
1820 1946 1869 1987 ut
1914 1944 1957 1987 in
1999 1944 2199 2001 originem
2242 1956 2381 1995 suam,
2432 1945 2474 1987 et
2523 1944 2693 1987 honesta

237 2018 379 2060 mente
419 2017 686 2071 peccarent,⁴)
732 2015 974 2058 vastitatem
1019 2016 1143 2070 atque
1193 2016 1472 2059 calamitatem
1521 2016 1822 2071 denuntiare;⁵)
1870 2016 2037 2059 Troiam
2077 2016 2207 2059 solam
2254 2015 2482 2060 insatiabili
2518 2016 2610 2059 odio
2650 2029 2693 2059 se

237 2089 480 2131 vexaturam
514 2087 835 2142 restitutamque
872 2086 1004 2129 denuo
1042 2099 1271 2130 eversuram
1307 2089 1542 2138 minatur.⁶)

459 2317 485 2361 ¹)
513 2315 592 2352 fata
618 2326 649 2349 v.
683 2315 731 2351 57
759 2324 831 2360 quo
865 2314 944 2350 iure
978 2314 1087 2350 velim
1118 2313 1213 2350 idem
1241 2314 1360 2350 valere
1394 2316 1505 2360 atque
1538 2316 1687 2360 optata,
1722 2313 1829 2350 docet
1867 2313 2023 2350 Preller:
2059 2314 2101 2350 R.
2134 2314 2183 2349 M.
2215 2324 2249 2359 p.
2281 2314 2373 2356 5653
2407 2314 2472 2350 cfr.
2506 2316 2694 2359 praeterea

236 2377 429 2423 interpret.
457 2375 514 2412 ad.
543 2375 633 2411 Aen.
662 2373 741 2409 VII.
771 2374 862 2417 29&
905 2373 999 2409 Non.
1028 2384 1106 2419 cap.
1138 2375 1171 2410 6.
1197 2375 1254 2409 42.

455 2439 485 2480 ²)
512 2436 604 2477 „hac
631 2435 739 2481 lege“
765 2445 798 2469 v.
825 2434 872 2470 58
899 2433 995 2470 idem
1023 2436 1081 2470 est
1105 2435 1214 2479 atque
1239 2434 1306 2470 hoc
1331 2437 1537 2480 praecepto.
1565 2445 1596 2469 v.
1624 2433 1821 2470 Forcelliui
1854 2445 1881 2469 s.
1908 2444 1940 2469 v.
1966 2433 2036 2470 lex.

455 2497 483 2541 ³)
520 2495 591 2540 Qui
635 2493 749 2531 verba
787 2494 966 2536 „nimium
996 2494 1073 2538 pii“
1103 2505 1182 2530 cum
1207 2493 1357 2530 Lehrsio
1404 2494 1532 2540 inepta
1575 2493 1795 2536 arbitratur,
1843 2494 1940 2530 hunc
1981 2493 2091 2530 velim
2132 2493 2331 2539 inspicere,
2374 2504 2468 2539 quae
2510 2492 2585 2531 Cic.
2627 2504 2693 2539 pro

236 2557 371 2594 Flacco
398 2554 605 2592 XXXVHI.
645 2555 692 2591 96
725 2554 835 2590 dixit:
871 2553 1064 2596 „Litemus
1097 2553 1211 2600 igitur
1233 2553 1399 2596 Lentulo,
1434 2556 1668 2600 parentemus
1698 2553 1886 2601 Cethego‚·
1910 2564 2118 2591 revocemus
2144 2554 2298 2590 eiectos:
2325 2553 2457 2589 nimiae
2481 2553 2631 2599 pietatis
2657 2557 2695 2589 et

236 2617 395 2653 summni
420 2617 555 2653 amoris
580 2617 619 2652 in
645 2615 803 2662 patriam
829 2614 991 2650 vicissim
1016 2624 1082 2649 nos
1109 2625 1253 2660 poenas,
1288 2615 1319 2650 si
1345 2616 1401 2651 ita
1430 2615 1564 2660 placet,
1599 2615 1852 2652 sufferamus.“
1904 2614 1956 2651 Ut
1987 2614 2162 2658 „nimium
2187 2614 2276 2659 pii,“
2302 2613 2357 2650 ita
2381 2612 2493 2650 verba
2520 2616 2692 2656 „auctore

239 2677 415 2715 Phoebo“
440 2676 590 2713 minime
616 2675 739 2712 aliena
764 2678 862 2717 sunt,
890 2674 922 2710 si
948 2673 1102 2710 Iunonis
1127 2674 1325 2710 orationem
1342 2675 1397 2711 ita
1421 2675 1592 2722 accipias,
1624 2677 1667 2711 ut
1684 2685 1753 2721 ego
1779 2686 1858 2711 eam
1876 2673 2126 2722 accipiendam
2151 2684 2232 2711 esse
2250 2673 2429 2710 existimo.
2480 2672 2695 2710 Habebatur

236 2738 336 2774 enim
362 2737 497 2783 Apollo
531 2736 679 2772 urbium
712 2734 893 2771 conditor.
929 2734 975 2770 cf.
1001 2734 1161 2770 Preller:
1187 2733 1230 2770 G.
1255 2736 1301 2771 M.
1332 2736 1362 2771 1.
1399 2736 1468 2771 214
1503 2738 1541 2771 et
1572 2735 1686 2771 schol.
1712 2734 1761 2771 ad
1784 2734 1889 2771 Pind.
1918 2734 1976 2771 Oi
2001 2734 2078 2770 Vll.
2104 2735 2161 2770 31.
2213 2733 2330 2778 Quam
2354 2733 2514 2770 libenter
2538 2733 2693 2774 Troiam,

238 2798 271 2833 si
296 2797 331 2833 ei
356 2797 543 2843 integrum
569 2799 685 2838 esset,
712 2795 827 2831 fuerit
852 2794 1106 2835 restituturus,
1142 2793 1181 2829 id
1213 2795 1307 2839 quod
1343 2795 1578 2831 vehementer
1611 2794 1809 2842 cupiebant
1842 2794 1992 2830 Troiani
2024 2797 2074 2839 (v.
2107 2794 2196 2830 Aen.
2231 2793 2297 2829 IV.
2323 2794 2420 2839 344),
2452 2793 2537 2829 inde
2571 2795 2695 2841 potest

238 2857 422 2905 cognosci,
450 2856 548 2903 quod
573 2856 644 2893 etsi
670 2855 844 2897 habebat,
879 2865 945 2891 cur
969 2853 1016 2889 iis
1049 2856 1288 2897 succenseret,
1321 2858 1444 2891 tamen
1480 2866 1664 2901 nunquam
1690 2854 1801 2891 desiit
1834 2854 1879 2890 iis
1906 2853 2027 2891 favere
2060 2856 2098 2890 et
2129 2853 2314 2899 opitulari.
2341 2852 2384 2890 cf.
2410 2852 2455 2889 Il.
2481 2852 2580 2889 XXI.
2606 2853 2695 2895 4413

244 2919 335 2954 Aen.
362 2918 426 2954 VI.
452 2919 519 2960 563
544 2917 631 2953 Hor.
659 2928 688 2953 c.
714 2916 777 2951 IV.
805 2917 839 2953 ὃ.
867 2925 998 2951 18-14,

458 2979 487 3024 ⁴)
514 2989 546 3014 V.
574 2977 658 3014 Sen.
686 2976 824 3013 Phoen.
856 2975 913 3012 97.

457 3042 487 3083 ὃ)
514 3038 629 3084 Fugit
661 3038 730 3074 hoc
765 3048 847 3073 cnm
877 3037 971 3072 alios
1005 3038 1051 3081 (v.
1089 3039 1215 3081 supra)
1246 3038 1323 3072 tum
1355 3036 1647 3082 Peerlkampum,
1683 3047 1795 3082 quare
1832 3035 2025 3072 contendit
2057 3035 2235 3073 lunonem
2265 3034 2431 3078 mentiri;
2466 3037 2564 3070 stare
2601 3032 2697 3070 enim

242 3101 408 3142 Romam,
434 3099 599 3145 quamvis
626 3098 738 3135 Troia
761 3097 845 3143 plus
871 3107 981 3144 quam
1008 3095 1123 3132 semel
1148 3095 1198 3131 sit
1222 3096 1404 3134 restituta.
1453 3095 1635 3134 Mendacii
1670 3099 1796 3133 notam
1820 3095 2017 3133 Horatium
2035 3095 2125 3133 deae
2141 3095 2317 3132 inussisse
2335 3094 2455 3133 dicere
2472 3106 2545 3131 non
2562 3095 2695 3140 potest,

244 3160 316 3196 nisi
348 3160 409 3206 qui
436 3170 502 3195 8110
528 3158 687 3195 acumini
713 3158 862 3203 suisque
887 3156 1048 3203 argutiis
1073 3155 1158 3201 plus
1184 3154 1416 3193 tribuendum
1440 3159 1549 3202 putat
1574 3168 1684 3202 quam
1708 3156 1841 3192 lucidis
1866 3159 1999 3202 poetae
2024 3154 2156 3192 verbis.

458 3221 486 3265 ⁶)
512 3217 591 3255 Hac
616 3217 923 3264 interpretatione
957 3215 1141 3256 carminis,
1175 3199 1283 3261 quam
1315 3226 1386 3252 non
1422 3227 1560 3259 vereor,
1587 3227 1632 3252 ne
1658 3216 1739 3262 quis
1765 3217 1873 3253 vocet
1904 3214 2127 3253 salebrosam
2158 3217 2197 3251 et
2230 3213 2430 3256 obscuram,
2463 3213 2576 3250 etiam
2604 3212 2697 3249 illud

243 3279 438 3321 refutatur,
467 3277 563 3324 quod
589 3277 762 3314 Lehrsius
788 3276 900 3313 dixit.
927 3275 1049 3318 „Dass
1074 3275 1186 3319 Juno,
1212 3275 1347 3311 welche
1372 3286 1443 3312 von
1468 3276 1651 3312 Parthern
1676 3275 1906 3321 prophezeit,
1941 3275 2021 3312 hier
2053 3275 2133 3311 sicli
2165 3273 2432 3311 beschrankter
2468 3272 2589 3309 Weise
2623 3273 2698 3309 ein-

239 3338 371 3380 bildet,
405 3339 458 3374 sie
492 3338 614 3375 wfirde
649 3338 778 3373 immer
812 3335 888 3372 und
923 3336 1052 3371 immer
1089 3335 1184 3370 noch
1215 3335 1284 3370 mit
1316 3335 1420 3371 ihren
1445 3336 1626 3383 Argivern
1657 3347 1721 3371 aus
1755 3335 1820 3372 der
1851 3335 1940 3371 Ilias
1967 3335 2146 3381 operirem
2183 3334 2234 3370 ist
2265 3332 2472 3379 einfaltig.“
2522 3332 2700 3378 Exposuit
