2920 3717
304 326 617 394 *jgffmij
616 310 752 380 Opus
770 321 864 372 031,
890 317 1028 372 eredo,
1057 269 1210 374 Lyncei
1241 317 1387 370 oculis,
1425 318 1474 361 ut
1511 319 1555 361 et
1588 330 1636 360 ex
1665 317 1837 362 Horatio
1866 319 1955 374 ipso
1996 321 2042 363 et
2079 333 2138 363 ex
2157 319 2333 363 Kieselii
2363 318 2634 374 explicatione

292 405 295 408 ⁴
470 391 802 450 ammplam
828 389 976 435 eadem
1012 386 1117 432 vitia
1152 386 1289 433 notari
1326 400 1377 432 ac
1412 380 1635 444 vituperari
1676 400 1905 445 cognoscas.
1968 390 2124 435 Verum
2147 391 2266 436 esto.
2297 389 2496 458 acerrime
2524 389 2634 435 illud

233 459 921 530 *pfflKetargumeutstm
957 459 1032 504 sit:
1074 458 1282 506 numilla
1316 460 1468 504 scelera
1504 473 1552 504 30
1588 459 1763 517 flagitia,
1804 462 2343 544 quaesagacissimeiuct.
2376 461 2635 507 3et6vir

191 542 353 590 dm
361 537 565 589 odoratus
595 535 690 589 est,.
694 532 784 577 3131
812 531 857 576 13
886 545 931 576 re
960 531 1128 589 publica
1156 531 1287 575 libera
1324 544 1403 576 non
1433 532 1752 588 proveniebant?
1794 532 1909 577 Num
1942 547 2059 590 porro
2089 535 2289 580 Horatius
2320 534 2362 579 in
2394 535 2509 579 sexto
2541 546 2634 579 car·

133 658 137 661 ,
171 650 173 654 Α
195 606 315 665 mmo
321 597 459 660 modo
486 597 664 652 labentis
683 605 744 649 rei
762 604 962 660 1131111030
983 604 1121 648 labem
1141 604 1266 660 atque
1286 603 1492 647 maculam
1512 604 1723 661 depinxit?
1760 605 1892 648 Immo
1913 606 2072 663 effingit
2091 607 2200 651 illud
2231 620 2397 651 carmen
2417 620 2633 663 perversos

195 696 260 729 ae
255 675 493 742 3001313103
522 689 678 730 mores,
710 676 783 732 qui
812 689 848 720 a.
884 677 970 720 727
1010 675 1233 721 admodum
1270 675 1477 731 vigebant.
1539 676 1632 734 Hoc
1662 676 1802 720 autem
1832 689 1950 727 31130,
1996 679 2030 722 si
2060 679 2291 723 Kieselium
2332 679 2481 724 ducem
2513 680 2630 735 sequi

195 744 413 819 volumus,
432 749 559 794 etiam
579 749 744 793 sextum
775 760 939 792 carmen
969 735 1013 791 in
1033 747 1171 792 lucem
1189 746 1387 803 prodiisse
1409 748 1677 791 concedamus
1707 760 1867 791 necesse
1898 750 1971 793 est.
2032 749 2097 794 Ac
2115 751 2296 806 profecto
2324 751 2397 795 illo
2428 754 2627 810 tempore,

71 863 73 865 r
104 870 109 875 ,
169 829 459 883 :quamquam
481 820 603 865 unius
634 819 819 877 Augusti
847 820 953 863 nutu
983 832 1032 863 ac
1061 820 1267 875 potestate
1310 819 1445 863 omnia
1481 819 1740 876 gerebantur,
1772 814 2046 865 Romanorum
2085 822 2230 867 civitas
2262 836 2359 867 cum
2389 824 2482 867 aliis
2513 824 2628 869 vitiis

39 888 59 946 J
148 890 150 892 ’
195 899 290 942 tum
319 893 559 938 libidinosae
588 892 846 948 incestaeque
865 891 976 936 vitae
1005 891 1180 935 maculis
1200 890 1393 947 adspersa
1412 893 1455 935 01
1483 891 1697 948 inquinata
1716 893 1854 945 erat-²)
1875 919 1932 924 —
1951 894 2061 938 Illud
2076 907 2237 951 quoque
2256 895 2311 941 K.
2333 896 2629 941 illustrandum

154 993 162 997 -
197 967 278 1013 sibi
307 965 484 1024 putavit,
516 977 591 1008 cur
618 965 741 1020 poeta
771 976 853 1007 non
884 964 1036 1021 aperte,
1069 963 1140 1007 sed
1160 964 1270 1007 tecte
1300 962 1457 1006 dixerit.
1519 963 1570 1007 Ei
1589 963 1725 1007 visum
1760 976 1847 1007 esse
1867 966 2120 1022 arrogantiae
2141 967 2263 1011 nimis
2295 980 2470 1024 magnae
2500 968 2628 1012 libere

196 1038 380 1098 profiteri
393 1071 404 1089 ,
444 1036 543 1093 quid
574 1035 765 1087 sentiret;
805 1036 996 1080 accedere
1035 1035 1144 1091 quod
1184 1036 1278 1079 tum
1315 1034 1436 1079 modo
1476 1035 1586 1079 fama
1623 1035 1747 1080 fuerit
1788 1036 1893 1079 velle
1923 1037 2162 1094 Augustum
2192 1039 2345 1095 populo
2375 1041 2627 1095 potestatem

97 1171 100 1174 Ι
197 1121 484 1164 summamque
514 1108 805 1152 auctoritatem
837 1107 1015 1153 reddere.
1080 1106 1214 1160 Quam
1244 1106 1537 1150 inconsiderate
1573 1107 1679 1151 illud
1709 1107 1869 1151 dictum
1899 1109 1965 1161 sit,
1997 1123 2091 1153 cum
2121 1110 2322 1154 Horatius
2354 1112 2432 1154 hoc
2463 1125 2628 1156 carmen

116 1196 120 1200 ·
170 1173 173 1175 ’
196 1181 418 1239 scripserit,
440 1179 672 1224 rumoribus
694 1192 782 1223 esse
800 1179 1004 1223 iactatum
1025 1178 1174 1222 habere
1194 1179 1435 1235 Augustum
1455 1178 1496 1221 in
1517 1179 1652 1224 animo
1666 1179 1817 1235 populo
1841 1180 2047 1225 civitatem
2061 1182 2299 1238 permittere
2315 1183 2628 1239 gubernandam

175 1268 247 1317 „ac
275 1252 510 1310 regendam,
549 1265 673 1307 supra
713 1251 986 1307 exposuimus.
1057 1251 1141 1295 Fac
1180 1252 1322 1294 autem
1361 1264 1439 1294 non
1469 1264 1599 1294 errare
1636 1251 1877 1303 Kieselium,
1917 1266 2007 1295 cum
2047 1254 2157 1297 dicat
2193 1266 2380 1299 manasse
2421 1257 2514 1298 tum
2554 1270 2628 1311 per

197 1324 378 1381 compita
407 1335 616 1367 rumorem
647 1322 884 1379 Augustum
917 1321 1154 1378 propediem
1185 1321 1434 1378 magistratu
1470 1322 1681 1365 abiturum
1713 1335 1821 1366 esse:
1853 1324 1923 1377 qui
1964 1325 2098 1379 potuit
2127 1325 2326 1370 Horatius
2367 1328 2627 1383 arrogantiae

196 1397 351 1442 crimen
381 1395 571 1452 effugere,
604 1394 640 1438 si
670 1393 785 1446 dixit,
818 1394 927 1450 quod
957 1407 1038 1450 (1110
1069 1394 1284 1449 spectaret,
1318 1394 1361 1436 et
1389 1393 1576 1450 princeps
1606 1395 1649 1437 et
1679 1394 1751 1437 alii
1781 1397 2081 1457 cognoverunt?
2112 1410 2208 1440 nam
2240 1398 2426 1441 consulto
2457 1411 2553 1442 01113
2584 1399 2627 1442 13

196 1482 241 1513 10
270 1469 359 1513 1313
389 1467 507 1525 gravi
536 1466 740 1511 latebram
771 1465 1036 1510 obscuritatis
1067 1464 1314 1518 adhibuisse,
1357 1479 1436 1520 quo
1466 1466 1614 1518 11113113,
1647 1466 1747 1521 quid
1788 1466 1924 1518 vellet,
1969 1467 2152 1524 intellegi
2182 1470 2334 1524 posset,
2366 1470 2421 1513 K.
2455 1470 2626 1514 minime

200 1540 405 1585 concedet.
430 1565 484 1572 —
509 1539 596 1593 Eis,
617 1551 721 1595 quae
741 1539 783 1582 in
804 1538 1040 1583 universum
1066 1550 1091 1582 a
1120 1537 1301 1582 Kieselio
1334 1537 1384 1581 de
1414 1551 1448 1582 c.
1481 1539 1556 1582 ΠΙ.
1592 1539 1618 1583 3
1651 1538 1861 1594 disputata
1892 1540 1998 1593 sunt,
2030 1540 2199 1585 mirifice
2231 1542 2488 1595 conveniunt,
2520 1556 2626 1599 quae

200 1614 250 1659 de
280 1613 431 1658 ultima
451 1594 622 1668 stropha
640 1612 847 1668 exposuit.
853 1615 885 1665 ³)
922 1611 1102 1662 „Metuit
1131 1611 1197 1654 vel
1227 1611 1409 1655 metuere
1440 1623 1481 1654 30
1510 1611 1643 1667 fingit,
1676 1624 1726 1654 ne
1747 1624 1795 1655 ea
1816 1611 2096 1665 obstinatione,
2128 1626 2209 1668 qua
2229 1614 2272 1657 in
2303 1627 2346 1658 re
2374 1628 2450 1658 sua
2469 1617 2627 1670 perstet

196 1686 387 1750 ipsosque
427 1683 522 1728 deos
559 1684 774 1740 tamquam
804 1683 991 1727 auctores
1022 1681 1176 1736 laudet,
1209 1694 1301 1726 eam
1332 1694 1431 1735 rem,
1464 1695 1587 1739 quam
1618 1682 1777 1736 suadet,
1816 1683 1952 1740 potius
1981 1683 2160 1728 infirmet
2190 1685 2232 1729 et
2262 1685 2305 1729 in
2337 1688 2625 1744 contemptum

121 1794 123 1796 .
196 1760 355 1802 vocet.“
421 1757 534 1799 Haec
555 1756 708 1813 legenti
739 1755 843 1798 mihi
864 1755 970 1821 alter
989 1755 1239 1806 Heraclitus,
1262 1754 1361 1810 quid
1383 1754 1432 1797 de
1453 1755 1770 1798 abstrusioribus
1791 1755 2033 1811 quibusdam
2054 1757 2172 1800 rebus
2194 1758 2377 1810 sentiret,
2412 1759 2625 1815 disputare

197 1830 426 1874 videbatur.
489 1829 633 1883 Neque
674 1841 769 1871 vero
811 1827 984 1871 Kieselii
1026 1827 1150 1869 verba
1187 1827 1274 1869 ulla
1313 1827 1395 1869 alia
1433 1827 1481 1868 de
1522 1840 1646 1870 causa
1683 1827 1941 1882 transcripsi,
1982 1829 2059 1871 nisi
2090 1831 2137 1871 ut
2173 1829 2397 1872 illustriore
2438 1833 2625 1887 exemplo

197 1902 533 1952 demonstrarem,
567 1901 817 1955 quantopere
847 1898 1011 1942 Horatii
1043 1898 1323 1954 explanatores
1354 1898 1607 1942 delectentur
1637 1899 1853 1955 mysteriis.
1884 1924 1942 1930 —
1963 1898 2330 1956 Quantumcunque
2351 1901 2482 1958 igitur
2513 1902 2623 1947 docti

193 1974 274 2018 viri
315 1972 570 2025 laborabant,
610 1974 659 2015 ut
696 1970 935 2027 probarent
954 1971 1126 2014 tertium
1165 1983 1329 2014 carmen
1371 1983 1457 2013 esse
1498 1971 1696 2022 πολιτικόν,
1736 1973 1785 2014 111
1822 1971 1965 2014 Graeci
2006 1972 2159 2023 dicunt,
2199 1973 2253 2015 ad
2294 1973 2624 2030 reipublicaeque

195 2047 372 2090 rationes
402 2044 658 2099 referendum
690 2056 788 2095 esse,
827 2055 992 2098 operam
1028 2042 1253 2098 perdidisse
1291 2044 1389 2086 sunt
1418 2042 1686 2085 existimandi.

427 2127 504 2192 Ac
542 2159 592 2190 ne
622 2146 728 2189 illud
764 2115 931 2201 quidem
965 2145 1053 2188 iure
1089 2144 1241 2189 dicitur
1278 2145 1331 2189 ab
1370 2145 1551 2200 Horatio.
1571 2145 1694 2189 tertio
1727 2145 1902 2189 carmine
1940 2146 1992 2188 ad
2027 2146 2221 2190 virtutem
2263 2148 2478 2192 colendam
2514 2149 2624 2192 cives

195 2219 404 2264 admoneri
444 2220 568 2274 atque
610 2218 781 2274 impelli,
823 2218 965 2260 contra
1005 2230 1131 2273 quam
1171 2217 1417 2260 sententiam
1457 2217 1590 2260 multa
1630 2231 1708 2261 non
1746 2217 1950 2261 immerito
1989 2218 2148 2272 prolata
2185 2220 2331 2272 sunt,⁴)
2373 2220 2457 2262 alia
2497 2233 2524 2263 a
2558 2233 2625 2264 me

133 2311 135 2313 ·
194 2305 303 2336 nunc
364 2291 603 2335 roferentur.
1197 2324 1202 2328 .

337 2306 363 2348 p
411 2363 524 2417 Quae
554 2375 649 2405 vero
680 2362 736 2405 sit
765 2361 839 2405 illa
870 2361 1014 2421 virtus,
1048 2361 1115 2404 cui
1134 2361 1333 2405 Horatius
1355 2360 1465 2404 cives
1494 2360 1656 2403 studere
1677 2361 1790 2413 velit,
1821 2374 1899 2404 non
1930 2362 2186 2404 consentiunt
2215 2362 2469 2417 interpretes.
2502 2362 2623 2415 Sunt,

196 2435 268 2491 qui
298 2436 489 2479 censeant
518 2433 828 2489 praescripsisse
860 2446 956 2476 eum
987 2432 1156 2483 civibus,
1189 2434 1238 2475 ut
1268 2433 1403 2475 essent
1433 2433 1714 2485 constanteS,⁵)
1746 2434 1855 2483 sunt,
1886 2432 2034 2487 quibus
2054 2432 2242 2476 videatur
2271 2433 2514 2477 adhortatus
2535 2448 2624 2478 esse

190 2507 320 2559 cives,
363 2507 413 2550 ut
442 2505 650 2549 iustitiam
683 2505 965 2560 exercerent,⁶)
1004 2516 1133 2559 neque
1164 2504 1325 2555 desunt,
1357 2504 1428 2559 qui
1457 2505 1672 2559 praecepta
1709 2505 1751 2546 et
1780 2504 1960 2547 iustitiae
1990 2505 2031 2546 et
2071 2504 2323 2547 constantiae
2362 2505 2414 2547 ab
2447 2518 2494 2548 00
2526 2505 2626 2549 (1313

413 2640 440 2682 ¹)
466 2636 582 2681 Quam
598 2648 726 2683 parum
744 2635 815 2672 sibi
832 2637 977 2672 0033101
992 2635 1048 2678 K„
1067 2647 1112 2671 ea
1128 2635 1389 2677 demonstrant,
1409 2646 1499 2680 quae
1515 2634 1662 2681 scripsit
1674 2646 1709 2681 p.
1723 2636 1784 2677 6.,
1853 2646 1912 2670 .ex
1927 2634 2052 2679 primis
2068 2634 2169 2670 tertii
2185 2634 2271 2670 libri
2298 2647 2359 2670 sex
2385 2637 2620 2679 carminibus,

197 2707 352 2744 quorum
378 2696 453 2734 sive
477 2695 518 2733 id
541 2695 613 2733 fuit
636 2697 768 2743 poetae
794 2695 871 2733 sive
896 2706 969 2733 non
994 2694 1067 2732 fuit
1090 2694 1291 2739 consilium,
1317 2693 1458 2732 nullm
1482 2704 1551 2731 non
1580 2695 1705 2742 potest
1729 2661 1883 2732 conferri
1907 2704 1987 2731 cum
2011 2693 2140 2731 ceteris
2176 2693 2372 2768 quinquef‘

413 2759 443 2802 ²)
469 2768 502 2792 v.
528 2757 749 2804 interpretes
774 2755 822 2792 ad
848 2755 949 2792 Suet.
975 2756 1040 2791 vit.
1065 2754 1161 2802 Aug.
1186 2756 1315 2792 34.-
1341 2756 1369 2802 ³)
1395 2766 1430 2802 p.
1459 2756 1512 2791 16.

409 2815 446 2862 ⁴)
466 2816 511 2853 cf.
536 2816 715 2861 imprimis
740 2815 910 2857 Pluessii,
935 2814 1184 2862 Bambergeri,
1210 2815 1400 2852 Ribbeckii
1424 2815 1756 2850 commentationes

339 2906 342 2909 >
411 2889 440 2934 ³)
465 2887 518 2926 Ut
550 2886 675 2932 Orelli,
709 2886 883 2931 1111101113,
919 2886 1087 2925 Prieuius
1119 2886 1260 2935 fflhein.
1285 2886 1377 2925 Mus.
1404 2885 1504 2924 XIII.
1528 2895 1565 2932 p.
1591 2885 1696 2932 363),
1729 2883 1917 2928 Obbarius‚
1951 2883 1992 2921 A.
2020 2882 2157 2922 Goebel
2191 2884 2322 2930 (Jahns
2355 2885 2484 2924 Jahrb.
2520 2887 2624 2931 1864,

120 2998 128 3007 .
195 2946 302 2984 Band
318 2948 376 2990 90,
391 2958 428 2994 p.
446 2947 547 2995 131);
556 2948 605 2984 cf.
625 2947 732 2984 etiam
747 2946 1017 2994 Trompheller.
1009 2960 1018 2969 ·
1035 2946 1335 2995 Betrachtungen
1348 2946 1435 2982 uber
1448 2945 1505 2982 die
1518 2946 1539 2981 6
1554 2947 1674 2980 ersten
1688 2944 1818 2981 Lieder
1831 2944 1893 2979 des
1907 2944 2044 2980 dritten
2056 2944 2209 2981 Buches
2236 2943 2386 2994 Coburg
2401 2946 2491 2984 1851
2511 2958 2546 2995 p.
2564 2949 2625 2993 135

196 3009 323 3044 eodem
349 3019 393 3044 ex
416 3018 566 3044 numero
591 3010 649 3044 est
664 3007 885 3050 nuebkorus,
912 3008 971 3044 0111
986 3007 1162 3044 Horatius
1180 3008 1292 3044 etim
1316 3007 1458 3052 imperii
1474 3006 1750 3042 translationem
1767 3005 2012 3051 perstringere
2037 3005 2192 3041 videtur.
2245 3006 2337 3047 „Die
2354 3006 2626 3055 Verpflanzung

192 3067 260 3104 (101·
282 3067 461 3104 Residenz
477 3067 573 3104 uach
589 3067 699 3114 Troia
710 3070 849 3104 musste
867 3066 981 3114 grade
998 3063 1094 3104 Juno
1120 3079 1188 3114 arg
1211 3066 1444 3103 verbitternf‘
1487 3065 1667 3111 Loquitur
1690 3064 1907 3107 Luebkerus,
1935 3064 2039 3110 quasi
2063 3065 2109 3100 de
2134 3065 2285 3102 consilio
2303 3066 2464 3113 Augusti
2488 3068 2626 3104 Romae

194 3126 415 3166 deserendae
439 3127 562 3165 omnia
585 3125 782 3165 habeamus
807 3126 1007 3174 explorata.

409 3188 437 3235 ⁸)
463 3187 525 3225 Ita
554 3187 626 3224 sibi
655 3187 840 3234 persuasit
868 3186 1105 3224 Ruehrmund
1135 3188 1172 3223 in
1205 3186 1520 3224 commentatione.
1570 3184 1690 3221 Ueber
1723 3184 1781 3220 die
1815 3185 1933 3220 horaz.
1969 3183 2072 3221 Ο(103
2103 3185 2172 3221 ΙΠ.
2200 3187 2256 3228 24,
2284 3187 2346 3229 25;
2383 3187 2453 3224 111.
2482 3189 2498 3222 l
2520 3208 2565 3214 —
2583 3190 2625 3231 6·

191 3218 272 3285 m.
283 3239 340 3284 14.
365 3246 543 3284 Potsdam
563 3247 666 3285 1857.
704 3246 833 3292 Neque
856 3257 943 3283 vero
968 3246 1013 3283 de
1038 3247 1118 3283 sola
1140 3246 1284 3282 iustitia
1308 3247 1416 3290 putat
1439 3245 1482 3280 R.
1508 3254 1617 3290 agere
1642 3246 1798 3289 poetam.
1839 3243 2048 3290 ..Augustus
2065 3244 2170 3280 hatte
2187 3255 2282 3280 zvar
2298 3245 2406 3281 keine
2421 3245 2628 3283 Absiehun

0 3353 3 3358 .
192 3305 288 3344 meh
311 3305 424 3354 Troia
446 3318 491 3343 zu
514 3306 658 3351 sichem
691 3306 880 3343 vielleicht
902 3305 991 3343 aber
1015 3305 1149 3342 dachte
1172 3315 1213 3341 er
1236 3316 1284 3341 au
1310 3305 1391 3341 eine
1414 3303 1629 3350 Tbeilungn‘*
1657 3304 1755 3340 Haec
1779 3303 1920 3339 somnia
1944 3314 2017 3339 non
2042 3304 2132 3340 satis
2157 3304 2270 3340 habet
2294 3305 2468 3352 proferre,
2496 3305 2561 3343 sed
2585 3306 2628 3343 id

49 3404 51 3406 .
116 3414 120 3417 ⁴
193 3376 338 3413 qnoque
363 3366 508 3404 addita·
552 3366 757 3413 U'ebrigens
787 3366 854 3404 bat
879 3366 967 3403 Hor.
993 3366 1087 3403 auch
1112 3366 1215 3402 einen
1242 3365 1462 3411 politischen
1486 3363 1620 3400 Fehler
1645 3363 1777 3400 wieder
1802 3366 1869 3410 gut
1894 3364 2083 3410 gemacht3
2108 3364 2201 3401 nach
2226 3376 2282 3410 ep.
2308 3366 2407 3402 XVI.
2434 3367 2560 3403 wollte
2584 3378 2630 3403 er
